3558 5458
813 1776 973 1875 caput
990 1774 1047 1857 V.
1081 1833 1083 1838 .
1200 1839 1203 1845 .

447 2096 513 2163 lam
544 2094 625 2161 milri
654 2111 744 2160 nunc
774 2105 967 2178 scrutatum,
996 2097 1079 2183 quid
1107 2098 1149 2164 de
1173 2097 1305 2168 Aetnae¹
1328 2116 1369 2168 re,
1386 2098 1520 2166 metrica

341 2204 383 2271 ad
408 2203 641 2289 quaestionem
666 2209 812 2271 nostram
838 2204 1088 2272 diiudicandam
1114 2204 1196 2271 disci
1221 2206 1337 2290 possit,
1368 2223 1520 2290 praemo-

341 2310 490 2378 nendum
516 2318 566 2378 est
590 2329 643 2377 me
663 2310 770 2378 lacere
789 2331 857 2378 non
875 2330 987 2397 posse,
1013 2319 1048 2379 ut
1063 2319 1167 2380 totam
1186 2313 1341 2379 carminis
1358 2313 1520 2379 rationem

341 2419 510 2485 metricam
535 2436 610 2484 cum
636 2425 703 2484 arte
732 2437 750 2483 a
775 2419 891 2484 ceteris
915 2419 1002 2484 illius
1026 2419 1099 2485 aevi
1123 2419 1232 2504 poetis
1256 2418 1404 2485 adhibita
1429 2438 1520 2485 com-

341 2544 470 2610 parem;
507 2524 674 2591 eiusmodi
710 2526 799 2590 enim
837 2525 1035 2611 disceptatio
1061 2526 1245 2611 compluria
1270 2525 1521 2609 amplecteretur

340 2632 512 2699 volumina
536 2632 623 2711 talia,
648 2632 746 2717 quale
771 2651 789 2697 a
814 2631 957 2698 Frankio
982 2632 1171 2700 conlectum
1197 2631 1290 2718 est1).
1344 2631 1408 2698 llic
1430 2633 1519 2698 enim

341 2738 573 2805 dissertatione
602 2738 858 2823 diligentissima
890 2758 975 2824 quae
1006 2741 1088 2806 ratio
1114 2741 1197 2806 inter
1220 2737 1463 2822 Georgicorum
1489 2747 1522 2805 et

340 2844 467 2912 Aetnae
507 2864 574 2913 rem
616 2847 784 2913 metricam
825 2846 1039 2912 intercederet
1079 2845 1264 2930 indagavit;
1304 2852 1403 2930 atque
1444 2835 1522 2930 post

342 2952 508 3038 Georgica
544 2952 692 3019 libellum
730 2953 819 3018 hunc
848 2952 1021 3018 conditum
1047 2971 1121 3019 esse
1145 2952 1306 3037 probavit.
1354 2951 1519 3036 Equidem

344 3068 379 3127 ut
405 3060 603 3144 investigare
627 3078 738 3139 coner,
764 3079 844 3126 num
870 3060 968 3126 etiam
994 3059 1069 3145 plus
1093 3077 1134 3125 ex
1158 3060 1269 3126 haere
1293 3058 1380 3125 effici
1404 3059 1521 3145 possit,

342 3167 515 3246 nonnulla,
541 3168 732 3252 quaemihi
758 3168 849 3234 utilia
873 3167 1028 3235 videntur
1051 3186 1135 3247 esse,
1161 3167 1294 3251 eligam.

448 3291 495 3360 llc
519 3293 662 3378 primum
688 3294 824 3379 quidem
850 3293 892 3360 de
916 3312 1072 3360 versuum
1098 3293 1256 3360 clausulis
1271 3291 1443 3377 agendum
1461 3298 1520 3357 est.

341 3400 420 3468 Tres
453 3400 546 3486 leges
580 3402 688 3484 magis
722 3402 899 3486 magisque
932 3400 1023 3485 apud
1048 3408 1166 3484 poetas
1190 3399 1363 3466 Romanos
1389 3405 1522 3465 sanctas

342 3527 416 3575 esse
452 3515 547 3576 acute
583 3509 791 3592 copioseque
816 3514 1043 3592 exposuerunt
1067 3506 1116 3572 W.
1141 3506 1257 3593 Meyer
1281 3514 1313 3573 et
1337 3505 1474 3573 Norden
1484 3505 1521 3592 2).

340 3616 448 3683 Prima
487 3617 562 3699 lege
598 3622 742 3694 cautum,
779 3633 821 3681 ne
860 3632 926 3681 vox
961 3615 1227 3701 monosyllabica
1263 3632 1394 3681 versum
1433 3612 1521 3679 clau·

342 3723 447 3803 deret;
484 3723 660 3808 quomodo
697 3729 817 3806 poetae
852 3722 945 3789 latini
982 3723 1228 3789 observaverint
1265 3722 1330 3788 hoc
1365 3737 1522 3806 praecep-

341 3837 423 3910 tum,
449 3848 489 3897 err
513 3831 576 3896 hac
600 3830 707 3897 elucet
730 3831 863 3910 tabella,
889 3831 983 3897 cuius
1008 3848 1167 3898 numeros
1191 3831 1308 3915 partim
1334 3830 1406 3914 ipse
1431 3845 1522 3897 com·

341 3939 451 4021 posui,
478 3938 595 4022 partim
620 3956 639 4004 e
665 3939 914 4006 commentariis
940 3937 1082 4004 laudatis
1108 3937 1292 4020 desumpsi.
1339 3934 1521 4002 ductorum

342 4045 539 4112 nominibus
571 4062 746 4112 numerum
772 4046 932 4130 adscripsi
957 4063 1124 4123 versuum,
1155 4045 1188 4109 in
1217 4060 1304 4127 quos
1326 4042 1521 4126 inquisitum

342 4159 401 4231 est,
449 4151 572 4219 deinde
619 4152 840 4220 clausularum
889 4154 1008 4220 vocula
1055 4149 1291 4237 monosyllaba
1331 4149 1521 4217 effectarum

343 4278 518 4326 numerum
544 4261 667 4338 notavi,
693 4269 860 4346 praeterea
885 4260 1137 4346 proportionem
1163 4256 1287 4324 addidi.

449 4509 472 4579 l)
492 4510 559 4566 Jos„
575 4509 696 4574 Franke‚
716 4509 760 4564 De
780 4510 894 4563 Aetnae
913 4525 944 4561 ro
965 4513 1056 4572 metr„
1076 4506 1165 4578 Marp.
1188 4507 1265 4561 1898.

450 4600 472 4669 ²)
493 4599 579 4653 Wilh.
593 4597 702 4672 Meyer,
722 4599 790 4654 Sim.
805 4599 831 4652 d.
846 4597 963 4652 Munch.
978 4597 1032 4651 Ak.
1047 4596 1116 4651 1884
1135 4616 1160 4668 p.
1176 4597 1253 4664 1033,
1273 4595 1390 4652 Norden
1406 4596 1522 4652 Komm.

342 4705 368 4760 p.
383 4688 436 4744 420
454 4707 514 4761 sqq.
