3558 5458
765 505 966 580 ..9-

278 743 314 795 se
332 725 510 814 applicavit
523 724 784 814 Corneliumque
797 725 994 815 Severum1)
1011 734 1180 798 auctorem
1198 745 1272 798 esse
1285 725 1457 816 protessus

279 843 338 916 est,
363 836 417 902 alii
443 834 580 916 Ovidio‚
605 835 799 903 Wernsdori
822 837 983 923 Lucilio²)
1007 856 1140 904 carmen
1165 839 1358 906 tribuerunt.
1406 839 1457 904 li-

279 951 374 1010 cetne
398 945 462 1010 tale
487 962 528 1009 ex
552 943 616 1009 illis
640 943 835 1029 philosophi
865 945 1046 1012 enuntiatis
1074 945 1295 1012 concludere?
1343 946 1454 1028 Quem

279 1050 321 1116 de
352 1050 576 1136 descriptione
610 1050 755 1135 quadam
786 1049 913 1116 Aetnae
945 1053 1127 1136 cogitasse,
1162 1071 1247 1136 quae
1280 1053 1361 1118 nihil
1393 1053 1456 1118 nisi

279 1157 436 1242 particula
461 1158 573 1243 operis
598 1157 769 1242 amplioris
794 1165 892 1242 esset,
921 1158 1030 1225 verbis
1059 1158 1223 1224 describas
1247 1158 1283 1223 in
1308 1164 1362 1224 ino
1387 1181 1455 1225 ccr-

279 1264 365 1329 miae
394 1272 426 1331 et
450 1264 595 1348 ditiaque
630 1265 803 1349 probatum
839 1265 1007 1331 eiusmodi
1043 1273 1131 1346 sunt,
1167 1285 1255 1350 quae
1283 1267 1456 1351 'Vergilius

279 1371 450 1458 (Georgi
480 1372 540 1437 471
575 1389 646 1455 sqq.
677 1370 760 1437 Aen.
785 1371 820 1436 lll
849 1371 909 1437 571
943 1371 1031 1457 sqq.)
1061 1379 1093 1438 et
1121 1371 1264 1439 Ovidius
1288 1373 1382 1459 (Met.
1399 1374 1458 1439 XV

280 1478 469 1564 783-798)
495 1479 542 1545 de
553 1477 660 1544 Aetna
675 1480 885 1545 cecinerunt.
915 1478 1025 1545 Primo
1042 1478 1179 1564 quidem
1205 1488 1341 1565 aspectu
1367 1480 1457 1546 haud

279 1587 349 1652 scio
381 1607 423 1652 an
455 1587 531 1671 quis
561 1584 663 1652 verb'o
696 1585 887 1667 impleuerat
914 1593 1175 1666 commoveatur,
1210 1594 1245 1654 ut
1272 1587 1455 1671 Vergilium

280 1694 415 1760 uberius
444 1713 482 1760 ac
505 1693 613 1759 fusius
642 1701 791 1759 montem
817 1693 1003 1760 celebrasse
1027 1695 1212 1773 arbitretur;
1245 1713 1354 1778 neque
1378 1712 1456 1760 vero

280 1800 321 1866 ad
345 1819 502 1868 versuum
529 1819 704 1866 numerum
723 1801 788 1867 hoc
811 1801 1014 1867 vocabulum
1033 1802 1184 1885 pertinet,
1208 1800 1269 1866 sed
1289 1801 1457 1884 gravitatis

280 1907 400 1992 plenos
425 1925 498 1973 esse
523 1926 638 1973 versus
667 1907 741 1973 illos
766 1906 923 1986 declarat;
954 1914 1121 1993 praeterea
1145 1906 1364 1991 Vessereau³)
1393 1925 1456 1972 suo

280 2015 349 2080 iure
373 2013 515 2080 affirmat
539 2016 603 2080 hoc
627 2016 829 2082 vocabulum
855 2015 898 2081 ad
922 2034 1051 2100 paucos
1074 2033 1189 2082 versus
1213 2014 1458 2098 significandos

280 2121 401 2189 eodem
431 2121 535 2188 modo
568 2141 636 2206 quo
665 2123 802 2189 verbum
835 2127 990 2188 tractaret
1017 2123 1058 2189 de
1089 2121 1213 2189 Ouidio
1244 2122 1372 2188 dictum·
1400 2120 1457 2188 ad-

281 2229 385 2295 hiberi
410 2247 521 2312 posse.
570 2211 681 2309 Quare
706 2230 787 2295 mihi
805 2229 941 2314 quidem
967 2249 1007 2296 ex
1023 2229 1153 2296 Annaei
1178 2229 1291 2296 litteris
1316 2227 1458 2295 laudatis

279 2336 456 2403 verisimile
480 2335 610 2401 videtur
624 2335 694 2401 lieri
713 2355 822 2421 neque
839 2337 1022 2420 Vergilium
1041 2356 1151 2422 neque
1168 2335 1328 2403 Ovidium
1348 2354 1457 2419 neque

279 2442 439 2510 Severum
458 2461 567 2526 neque
585 2443 731 2527 reliquos
749 2443 823 2509 illos
840 2451 968 2528 poetas,
987 2464 1074 2530 quos
1095 2461 1288 2510 enumerare
1306 2461 1457 2527 superse-

281 2550 390 2628 debat,
415 2568 548 2616 carmen
573 2549 666 2634 quod
691 2556 868 2617 tractamus
893 2551 1088 2618 coniecisse.
1128 2550 1248 2634 Neque
1272 2568 1350 2616 vero
1376 2550 1458 2617 haec

280 2657 445 2723 sententia
471 2657 504 2722 in
522 2657 682 2723 Lucilium
710 2658 811 2736 cadit,
836 2665 922 2724 certe
946 2660 1074 2724 amicus
1096 2657 1297 2742 exspectavit
1321 2676 1397 2724 eum
1423 2657 1456 2723 in

280 2765 436 2844 carmine,
462 2764 555 2848 quod
579 2782 784 2850 componere
809 2766 841 2830 in
868 2767 982 2832 animo
1008 2765 1161 2844 habebat,
1192 2783 1366 2831 excursum
1392 2765 1457 2830 ele-

280 2879 415 2954 gantem
441 2871 483 2937 de
499 2863 605 2938 Aetna
632 2880 746 2939 moute
770 2873 932 2939 facturum
961 2892 1046 2939 esse.
1083 2871 1152 2938 Sed
1176 2873 1311 2957 saepius
1328 2873 1456 2951 accidit,

280 2985 326 3058 ut,
344 2981 400 3063 qui
419 2998 523 3045 unum
542 2988 654 3047 movet
670 2981 827 3065 lapidem,
845 2981 976 3048 ruinam
994 2999 1151 3064 magnam
1170 2979 1300 3046 efficiat.
1333 2979 1457 3046 Nonne

279 3085 349 3152 lieri
375 3086 492 3170 potuit,
518 3094 553 3153 ut
570 3087 696 3153 Lucilio
714 3089 868 3171 quamvis
892 3088 936 3153 ad
954 3088 1211 3172 descriptionem
1237 3087 1321 3152 libro
1340 3087 1456 3153 maiori

280 3192 491 3258 inserendam
522 3213 540 3258 a
570 3201 785 3278 praeceptore
815 3193 964 3278 impulso
993 3201 1165 3278 tantopere
1188 3192 1294 3259 Aetna
1319 3193 1457 3258 solioum

281 3305 427 3380 moveret,
453 3308 488 3366 ut
512 3309 668 3386 poemate
693 3303 764 3368 tolo
795 3321 868 3368 eam
895 3301 1105 3368 nobilitaret?
1151 3300 1255 3382 Quod
1279 3321 1297 3366 a
1322 3301 1457 3386 probili-

279 3414 343 3473 tate
363 3425 432 3472 non
449 3409 624 3474 abhorrere
642 3427 717 3474 cum
737 3407 880 3475 Gerckio
899 3415 931 3474 et
948 3408 1096 3495 Ellisio⁴)
1120 3427 1316 3494 persuasum
1336 3409 1456 3474 habeo,

280 3512 391 3594 Quare
421 3513 475 3578 illa
504 3515 646 3599 epistula
677 3516 808 3581 etiamsi
832 3515 959 3581 Aetnae
991 3522 1158 3582 auctorem
1189 3515 1350 3581 Lucilium
1383 3533 1457 3580 esse

281 3640 350 3687 non
375 3621 543 3705 probatur,
574 3628 687 3687 tamen
719 3623 857 3687 minime
887 3623 1058 3700 evincitur,
1088 3629 1123 3689 ut
1146 3621 1305 3688 Sudhaus
1334 3622 1456 3706 aliique

280 3728 517 3804 iudicaverunt,
542 3729 584 3794 ab
610 3747 651 3795 eo
669 3748 802 3794 carmen
827 3731 985 3814 scriptum
1012 3749 1081 3796 non
1106 3749 1190 3796 esse.
1230 3729 1333 3811 Quod
1357 3748 1456 3814 porro

279 3833 438 3902 Sudhaus
472 3834 518 3920 (p.
537 3834 593 3921 82)
625 3836 798 3902 contendit
831 3855 975 3916 carmen,
1009 3839 1036 3903 si
1068 3839 1225 3924 scriptum
1261 3845 1348 3904 esset
1381 3844 1457 3904 ante

387 4085 409 4156 ¹)
429 4085 581 4140 Cornelius
606 4085 740 4150 Severus,
765 4101 850 4154 quem
874 4085 1023 4140 nonnullis
1049 4085 1121 4141 locis
1146 4085 1267 4141 Ovidius
1292 4086 1456 4157 alloquitur,

280 4180 310 4227 et
333 4175 405 4229 alios
429 4177 594 4248 composuit
617 4175 730 4230 libellos
755 4182 784 4229 et
808 4193 921 4229 carmen
947 4175 983 4230 de
1008 4177 1084 4231 bello
1110 4176 1207 4230 Siculo
1232 4175 1315 4242 ludit,
1343 4174 1456 4247 dequo

280 4267 420 4318 Senecam
441 4267 617 4337 cogitavisse
637 4265 792 4319 verisimile
815 4271 868 4318 est.

387 4356 408 4426 ²)
428 4355 558 4410 Lucillus
569 4356 697 4410 Senecae
711 4356 820 4410 amicus
835 4355 921 4426 paulo
934 4356 1030 4408 iunior
1044 4355 1178 4422 Siciliam,
1193 4358 1275 4411 culus
1290 4362 1458 4427 procurator

280 4449 350 4510 erat,
370 4446 497 4499 carmine
517 4445 687 4512 celebravit,
715 4451 808 4499 restat
827 4445 988 4499 versiculus
1008 4446 1036 4498 in
1056 4443 1091 4498 N.
1112 4445 1145 4512 Q.
1166 4445 1246 4508 1111,
1278 4444 1455 4500 llaudatus.

386 4536 410 4603 3)
430 4535 465 4587 In
486 4534 614 4589 editione
634 4537 747 4589 Aetnae
767 4554 793 4607 p.
807 4535 929 4590 XXXV.

387 4625 411 4692 ⁴)
430 4623 541 4678 Gercke
555 4623 743 4679 Senecastud.
758 4625 852 4692 (1896)
866 4643 891 4695 p.
908 4626 966 4690 107,
980 4625 1051 4679 Ellis
1066 4624 1109 4678 ed.
1123 4643 1150 4696 p.
1167 4624 1320 4694 xxxv11;
1335 4623 1456 4680 eandem

281 4713 458 4770 seutentiam
479 4711 590 4768 Schauz
609 4719 710 4768 tuetur
729 4715 757 4768 in
778 4714 815 4770 H.
835 4713 868 4769 L.
886 4714 921 4770 R.
941 4715 984 4770 11²
1007 4717 1056 4789 lp.
1077 4715 1112 4770 69
1125 4731 1166 4790 sq.
