3558 5458
734 507 1066 595 -13--Ι

257 729 374 800 cimus
410 729 522 801 Primo
536 729 672 818 quidem
685 730 763 800 loco
773 730 936 798 Venerem
948 727 1145 818 Appelleam
1160 728 1221 799 Coi
1236 729 1433 802 collocatam

257 841 433 925 significat,
464 837 589 908 deinde
614 839 1019 922 Timomachi-Medeam·
1039 839 1150 926 Cyzici
1175 841 1331 925 positam,
1363 848 1433 908 tum

257 947 473 1016 Medeama
512 947 688 1016 Timanthe
728 947 860 1034 pictam,
901 947 1055 1034 denique·
1085 947 1254 1036 Myronis·
1276 948 1433 1018 buculam

259 1056 515 1125 celeberrimam.
563 1055 628 1122 lam
654 1056 816 1142 sequitur:

286 1175 289 1181 ’
374 1181 441 1248 600
463 1181 699 1248 theophoron
717 1185 820 1264 partas
846 1179 933 1246 tarro
957 1175 1319 1264 darbiusque'murique.
1348 1263 1349 1266 Ἴ

323 1280 325 1285 ’
363 1287 501 1356 Poetam
536 1289 569 1354 in
606 1289 660 1355 illa
696 1289 851 1356 carminis
886 1273 977 1374 pa'rte
1002 1288 1176 1357 Romanos
1204 1291 1329 1375 alloqui
1354 1307 1433 1357 con·

258 1404 456 1464 sentaneum
481 1403 540 1476 est,
573 1411 777 1482 quamquam
802 1395 935 1482 Wagler
958 1395 1023 1482 (De
1046 1395 1142 1464 Aetn.
1168 1416 1280 1482 poem.
1306 1405 1433 1483 quaest.

258 1507 324 1572 crit.
350 1523 382 1590 p.
408 1503 464 1591 63)
500 1523 620 1572 omnes
656 1505 812 1571 homines
843 1503 1090 1588 intellegendos
1126 1522 1200 1572 esse
1224 1505 1432 1591 expediebat,

258 1612 479 1696 qui'malleut
509 1612 605 1695 loupa
624 1633 687 1694 per
710 1607 825 1676 morio
840 1612 961 1696 itinera
983 1611 1091 1694 facere
1114 1633 1224 1694 quarm
1236 1611 1367 1704 Aetnae?
1385 1613 1434 1676 im·

258 1719 344 1785 tueri
375 1739 551 1786 summum·
566 1722 795 1803 spectaculum.
843 1720 878 1802 Si
908 1723 990 1788 haec
1015 1727 1100 1786 recte
1125 1727 1237 1786 essent
1261 1722 1433 1806 explicata,

259 1829 338 1914 quin
364 1816 479 1896 auctor
494 1828 636 1895 Romam
662 1823 824 1908 nominat,
850 1847 936 1914 quae
961 1827 1122 1920 aediliciis
1147 1829 1216 1894 suis
1241 1834 1273 1893 et
1293 1815 1381 1894 ludis
1403 1837 1435 1920 et

259 1927 370 2002 multis
417 1937 490 2003 aliis
536 1938 635 2003 rebus
680 1955 822 2020 magnas
862 1919 1113 2021 peregrinorum
1153 1937 1266 2020 turbas
1304 1934 1434 2002 allexit?

258 2041 392 2124 Omnia,
429 2062 515 2128 quae
550 2050 865 2122 commemorantur,
903 2050 960 2109 aut
995 2043 1028 2108 in
1055 2041 1193 2109 Graecia
1217 2043 1331 2136 autin
1355 2040 1433 2109 Asia

259 2153 441 2220 exstabant.
481 2136 597 2231 Quare
605 2133 961 2238 Romanosadhortari
973 2149 1102 2216 videtur
1120 2157 1230 2236 poeta,
1248 2168 1290 2215 ne
1307 2147 1433 2216 Aetnae

260 2247 387 2323 tantum
416 2279 497 2340 opos
527 2259 724 2340 antepedes
746 2264 915 2325 transeant
939 2273 1022 2323 neve
1048 2257 1081 2322 in
1106 2265 1205 2324 terras
1229 2245 1435 2340 longinquas

260 2344 519 2451 proficiscantur,
534 2372 570 2431 ut
579 2367 652 2431 visu
665 2357 777 2431 minus
787 2349 896 2449 digna
910 2371 1070 2449 spectent.
1089 2364 1200 2448 ltaque
1211 2363 1433 2430 Kruckiewicz

259 2473 458 2539 sententiam
483 2473 628 2558 protulit,
653 2471 810 2556 Alzinger
833 2479 865 2538 et
888 2457 1073 2537 Vessereau
1098 2471 1226 2537 assensi
1251 2478 1329 2537 sunt
1352 2477 1433 2550 tum,

260 2599 334 2646 cum
351 2598 466 2646 versus
484 2580 558 2646 illos
576 2588 690 2647 auctor
707 2578 870 2658 funderet,
887 2580 1028 2658 tabulas,
1046 2597 1186 2664 quarum
1204 2579 1331 2645 mentio
1346 2578 1433 2656 iacit,

259 2687 374 2772 procul
391 2687 498 2754 Roma
513 2688 630 2754 luisse·
661 2687 870 2753 Timomachi
888 2694 998 2753 autem
1016 2686 1189 2753 artificium
1208 2685 1289 2751 illud
1313 2685 1434 2753 aJulio

260 2793 400 2861 Caesare
425 2794 565 2861 Romam
595 2796 790 2862 translatum
822 2803 854 2862 et
878 2795 1063 2879 intemplo
1087 2793 1225 2872 Veneris
1250 2791 1435 2860 Genetricis

259 2903 458 2970 collocatum
495 2919 570 2969 esse
606 2922 623 2969 e
659 2903 767 2968 Plinio
806 2901 1116 2987 comperimus(N.
1149 2902 1190 2967 Η.
1221 2901 1434 2987 XXXV186);

260 3029 335 3077 cum
361 3012 443 3078 haec
467 3010 569 3077 aedes
593 3032 621 3077 a.
636 3012 689 3077 46,
715 3010 822 3077 dicata
839 3012 897 3089 sit,
923 3011 1035 3076 tabula
1052 3011 1135 3076 intra
1152 3010 1242 3074 hunc
1259 3005 1437 3075 annumet

261 3117 585 3185 Caesarisvmortem
610 3118 753 3185 Romam
788 3119 920 3185 venisse
957 3125 1103 3204 apparet.
1151 3117 1231 3184 Post
1261 3117 1350 3182 hunc
1375 3125 1435 3184 ter-

260 3225 387 3289 minum
422 3243 554 3292 carmen
591 3226 780 3293 coniectum
800 3243 890 3292 esse
927 3225 1127 3311 non'posse
1156 3221 1276 3290 doctus
1305 3224 1359 3290 ille
1388 3224 1437 3289 vir

260 3338 355 3397 acute
372 3333 545 3412 conclusit,
564 3341 677 3399 tamen
696 3351 773 3399 eum
791 3334 948 3399 erravisse
966 3339 1140 3418 propterea
1157 3350 1217 3417 pro
1234 3338 1323 3398 certo
1341 3338 1433 3416 puto,

260 3438 376 3524 quod,
389 3445 425 3504 ut
441 3439 523 3504 inira
541 3441 808 3526 explanabimus,
834 3439 999 3524 Georgica
1024 3441 1066 3505 ab
1083 3438 1209 3505 Aetnae
1226 3437 1359 3504 au'ctore
1377 3438 1434 3504 ad·

261 3546 363 3612 hibita
388 3552 467 3612 sunt
497 3546 609 3632 (etiam
646 3548 731 3614 alios
766 3547 847 3614 adiit
869 3549 982 3626 libros,
1019 3548 1102 3614 haec
1122 3553 1243 3612 ¹autem
1281 3547 1434 3626 nomino,

261 3653 405 3738 quiade
431 3653 492 3718 hac
517 3672 549 3720 re
574 3673 616 3720 ne
640 3653 798 3721 Sudhaus
823 3655 958 3740 quidem
984 3655 1122 3734 dubitat,
1148 3671 1248 3738 quem
1274 3667 1375 3720 nemo
1402 3655 1434 3720 in

260 3761 504 3828 imitationibus
539 3762 726 3832 statuendis
761 3763 930 3829 incautum
967 3781 1041 3829 esse
1078 3760 1259 3846 iudicabit).
1312 3760 1364 3828 Ne
1393 3761 1435 3828 de

260 3868 399 3936 Veneris
440 3867 576 3953 quidem
618 3869 787 3954 historia¹)
831 3872 873 3937 ab
908 3868 1025 3956 Apelle
1065 3871 1174 3954 pictae
1211 3869 1239 3933 si
1278 3869 1353 3953 quis
1392 3868 1436 3934 ad

260 3981 393 4062 tempus
416 3975 544 4043 Aetnae
568 3977 777 4044 coniecturas
801 3977 998 4056 adhibuerit,
1023 3995 1099 4043 cum
1125 3995 1166 4042 eo
1190 3975 1320 4042 faciam.
1367 3974 1434 4041 Sed

261 4101 311 4149 res
347 4085 439 4150 aliter
474 4085 628 4171 explicari
665 4084 764 4151 debet
799 4091 831 4150 et
863 4091 984 4169 potest,
1021 4091 1057 4150 ut
1090 4091 1183 4170 puto.
1240 4081 1276 4148 Si
1308 4081 1435 4149 Aetnae

260 4199 428 4258 auctorem
469 4195 581 4277 sagaci
622 4199 733 4258 mente
773 4193 962 4277 aequalium
999 4210 1136 4258 suorum
1173 4190 1436 4257 consuetudines

261 4299 457 4366 observasse
483 4306 514 4366 et
531 4299 673 4386 p'ropriis
690 4299 861 4366 incitatum
875 4299 1137 4384 cogitationibus
1150 4300 1183 4364 in
1198 4317 1255 4364 eas
1269 4299 1434 4364 invectum

367 4531 390 4598 ¹)
409 4529 491 4584 Haec
511 4532 611 4586 tabula
624 4531 685 4585 Coo
699 4532 734 4584 ab
747 4532 885 4603 Augusto
899 4531 1021 4585 Romam
1034 4530 1175 4584 translata
1189 4529 1282 4600 (Sues.
1292 4528 1376 4600 Vesp.
1391 4527 1436 4597 18)

261 4619 335 4673 carie
355 4621 510 4673 consenuit
528 4620 652 4676 Neronis
672 4626 776 4687 aetate,
796 4624 837 4675 ita
855 4627 888 4674 uh
907 4623 1054 4692 picturata
1074 4621 1221 4674 Dorotheo
1241 4619 1318 4674 lacta
1338 4637 1388 4690 pro
1402 4635 1436 4672 ea

261 4708 494 4767 substitueretur.
518 4709 617 4780 (Plio.
631 4709 666 4764 N.
680 4709 717 4763 H.
730 4709 844 4766 XXXV
852 4710 908 4778 91.)
