3558 5458
782 463 1003 537 „13-

408 681 626 773 Inspiciamus
659 683 759 770 igitur
791 685 942 753 Maronis
976 704 1088 772 opera.
1148 683 1252 768 Quod
1285 685 1402 755 attinet
1436 685 1480 755 ad

301 791 470 872 Bucolica,
506 794 589 859 tales
618 789 854 862 similitudines
888 811 957 859 non
989 798 1127 871 exstant,
1165 811 1183 859 e
1218 794 1341 878 quibus
1369 795 1479 862 conici

303 900 420 985 possit,
447 906 518 967 uter
541 900 678 966 alterum
705 899 853 966 imitatus
878 900 928 967 sit.

407 1006 517 1074 Multo
534 1013 645 1075 autem
659 1006 900 1092 frequentiores
914 1006 1157 1093 Georgicorum
1171 1009 1237 1076 loci
1250 1015 1337 1089 sunt,
1355 1010 1479 1094 quihus

302 1113 344 1181 de
367 1113 494 1183 Aetnae
518 1115 668 1181 versibus
693 1132 984 1196 commoneamur;
1010 1134 1153 1201 quorum
1171 1117 1204 1182 in
1230 1133 1370 1184 numero
1394 1135 1478 1183 non·

303 1221 384 1288 nulli
409 1222 632 1302 inveniuntur,
658 1223 714 1308 qui
733 1223 930 1290 imitatorem
949 1222 1126 1290 ostendere
1150 1223 1334 1290 videantur.
1363 1223 1477 1291 Unum

303 1328 368 1394 iam
393 1329 594 1414 significavit
617 1329 698 1397 Ellis
721 1329 831 1417 (heth.
849 1329 901 1396 ed.
920 1349 952 1416 p.
969 1329 1106 1416 XXXII),
1131 1349 1207 1397 cum
1233 1330 1477 1416 Georgicorum

301 1437 321 1502 l.
339 1437 349 1502 Ι
365 1457 396 1503 v.
415 1438 479 1504 467
504 1457 578 1504 cum
597 1439 752 1506 carminis
769 1439 869 1504 huius
884 1458 914 1504 v.
928 1439 994 1506 609
1011 1438 1189 1517 conferret;
1206 1439 1300 1524 quod
1317 1438 1477 1505 iudicium

302 1544 374 1611 tulit
402 1544 577 1612 Maronem
608 1546 750 1631 priorem
781 1545 969 1630 putandum
999 1564 1083 1624 esse,
1116 1563 1192 1613 curn
1223 1564 1265 1612 eo
1290 1547 1477 1624 consenti0,

301 1650 361 1717 sed
386 1653 570 1719 accuratius
594 1671 661 1721 rem
680 1651 936 1719 examinandam
962 1671 1036 1720 esse
1061 1671 1185 1724 censeo
1202 1672 1303 1738 quam
1328 1653 1376 1718 vir
1399 1652 1478 1720 doc-

302 1759 450 1825 tissimus
473 1759 560 1838 fecit,
585 1760 643 1845 qui
661 1759 754 1845 quod
770 1761 919 1844 putabat,
944 1761 1150 1844 argumentis
1167 1777 1237 1826 non
1255 1760 1418 1846 probavit.
1437 1797 1479 1807 -

300 1863 428 1933 Aetnae
452 1873 566 1933 auctor
589 1867 640 1932 l.l.
665 1867 790 1930 undum
806 1866 969 1946 molarem,
995 1885 1082 1951 quae
1107 1884 1147 1934 ex
1160 1865 1268 1934 hetha
1286 1867 1478 1953 erumpitur,

303 1990 378 2039 cum
403 1972 542 2040 fulmine
568 1980 752 2058 comparat:

346 2079 411 2146 609
434 2079 541 2148 uana
564 2080 661 2146 alifer·
684 2103 781 2162 quarn
804 2103 877 2147 cum
901 2102 994 2146 saevo
1017 2081 1098 2146 Jove
1120 2080 1275 2165 fulgurat
1297 2082 1407 2147 aether

451 2192 483 2252 ef
503 2181 652 2254 nitidum
671 2189 806 2254 obscuro
831 2190 956 2254 coelium
981 2189 1121 2272 caliphae
1145 2192 1278 2270 torquet.

301 2293 349 2360 hc
366 2295 508 2382 primum
527 2297 703 2381 quaeritur,
728 2297 804 2382 quis
821 2302 982 2382 torqueat.
1024 2296 1121 2363 Ratio
1138 2297 1354 2381 grammatica
1379 2297 1478 2364 nobis

302 2402 430 2482 suadet,
456 2410 491 2471 ut
515 2405 646 2470 aethera
663 2405 851 2472 subiectum
877 2403 1051 2484 ducamus,
1077 2404 1110 2471 id
1127 2403 1221 2490 quod
1246 2404 1391 2471 editores
1414 2411 1484 2470 tres·

303 2511 402 2576 huius
438 2510 592 2578 decennii
621 2511 783 2592 fecerunt3
820 2529 906 2596 quos
938 2530 1008 2579 non
1038 2530 1171 2597 sequor,
1200 2530 1276 2578 cum
1302 2510 1477 2596 quomodo

302 2619 414 2685 aether
449 2619 577 2685 caelum
614 2626 776 2704 torqueat,
801 2621 992 2704 intellegere
1022 2637 1199 2704 nequeam.
1260 2619 1372 2700 Quare
1401 2638 1477 2685 cum

303 2724 545 2793 Hildebrandio
570 2728 756 2794 subiectum
782 2727 815 2795 in
839 2728 948 2793 verbis
972 2726 1264 2793 antecedentibus:
1289 2745 1382 2792 suevo
1398 2725 1479 2790 Jove

303 2832 412 2899 inesse
448 2852 572 2901 censeo
608 2841 640 2901 et
674 2842 751 2902 ante
785 2835 988 2902 vocabulum
1021 2833 1164 2899 nitidum
1201 2852 1264 2900 nos
1298 2831 1478 2899 subaudire

303 2947 469 3025 oportere:
493 2940 660 3024 ,iuppiter
689 2939 691 2944 '
707 2941 775 3009 Sed
800 2960 842 3008 ne
860 2942 921 3008 hac
937 2941 1073 3026 quidem
1091 2943 1219 3008 ratione
1236 2939 1347 3006 omnis
1371 2938 1477 3005 offen·

302 3046 353 3113 sio
385 3055 510 3114 remota
544 3056 603 3116 est.
660 3048 751 3130 Quid
789 3049 852 3115 sibi
890 3049 1008 3115 volunt
1031 3049 1145 3115 verba:
1182 3047 1306 3112 coelum
1339 3045 1479 3130 calipine

304 3153 451 3236 torquet?
495 3154 653 3222 Sudhaus
681 3156 791 3223 vertit:
825 3154 983 3234 vorhtun·
1014 3173 1124 3240 neque
1152 3173 1231 3221 vero
1263 3155 1367 3220 ullum
1399 3155 1478 3222 novi

303 3261 427 3342 locum,
453 3281 521 3346 quo
547 3264 629 3329 haec
645 3263 847 3348 significatio
864 3263 1031 3329 vocabulo
1048 3262 1226 3349 torquendi
1242 3263 1330 3328 insit.
1355 3261 1477 3330 Verum

303 3384 434 3449 omnes,
466 3371 522 3456 qui
550 3372 665 3438 verba:
695 3371 820 3436 coelum
852 3374 998 3451 torquere
1027 3371 1178 3449 audiunt,
1208 3369 1250 3438 de
1279 3370 1477 3438 circumactu

303 3477 384 3544 caeli
409 3478 574 3562 cogitant;
600 3479 664 3545 hoc
689 3477 792 3544 modo
818 3477 1003 3547 secuudum
1029 3479 1199 3565 proprium
1224 3479 1315 3545 verbi
1339 3496 1476 3545 sensum

303 3585 425 3664 locum,
462 3604 561 3670 quem
595 3593 783 3666 tractamus,
808 3586 888 3653 Ellis
912 3587 1102 3670 intellegere
1126 3586 1205 3652 vult.
1256 3585 1375 3670 Neque
1401 3602 1477 3650 vero

303 3691 336 3758 in
362 3710 401 3758 ea
426 3711 469 3772 re,
493 3712 594 3779 quam
613 3701 713 3780 poeta
731 3693 881 3780 explicat,
906 3693 1081 3760 conversio
1100 3692 1217 3759 mundi
1243 3694 1324 3758 mihi
1341 3691 1480 3777 quidem.

303 3799 414 3866 locum
459 3801 588 3867 videtur
631 3801 768 3879 habere;
817 3800 960 3866 auctoris
1005 3801 1094 3867 enim
1140 3801 1275 3866 interest
1313 3798 1478 3864 declarare

303 3908 431 3974 caelum
450 3909 561 3975 subito
579 3909 758 3987 obscurari,
785 3907 817 3974 id
835 3907 927 3992 quod
946 3914 1039 3974 motu
1062 3908 1118 3973 illo
1137 3914 1222 3973 certe
1240 3924 1310 3972 non
1328 3903 1477 3984 efficitur.

303 4014 414 4100 ltaque
449 4033 487 4082 ea
522 4016 614 4082 verbi
650 4015 898 4100 significatione
933 4033 1048 4081 versus
1084 4010 1316 4098 explanandus
1351 4011 1479 4078 videtur

304 4139 388 4201 esse,
413 4140 499 4206 quae
524 4123 588 4189 iam
607 4123 815 4209 relinquitur:
840 4142 977 4189 sensum
996 4121 1071 4188 dico
1089 4120 1246 4198 vexandi;
1272 4118 1367 4203 quasi
1385 4119 1478 4184 caelo

304 4231 381 4298 atris
405 4230 552 4297 nubibus
569 4229 727 4298 immissis
752 4231 869 4298 iniuria
892 4230 960 4310 fiat,
986 4235 1085 4315 poeta
1110 4227 1218 4294 dicere
1236 4227 1316 4293 mihi
1334 4225 1477 4293 videtur:

303 4333 460 4419 Juppifer
492 4338 617 4402 eoelum
647 4338 788 4423 caligine
815 4342 920 4402 venat.
967 4337 1041 4402 Jam
1068 4335 1279 4400 conferamus
1307 4351 1383 4400 cum
1413 4334 1478 4399 hoc

305 4445 488 4524 enuntiato,
514 4445 607 4530 quod
632 4447 749 4512 mirum
772 4463 853 4511 sane
878 4451 910 4510 et
927 4445 1106 4509 obscurum
1125 4441 1233 4508 dicere
1259 4459 1328 4507 non
1353 4459 1477 4519 vereor,

305 4571 434 4622 versum
459 4545 592 4638 Vergili,
618 4553 675 4639 qui
699 4551 741 4618 de
765 4552 836 4618 sole
862 4549 1015 4618 affirmat:

433 4659 524 4732 1467
542 4679 614 4726 curn
638 4663 737 4743 caput
760 4659 894 4725 obscura
918 4657 1061 4724 nitidum
1083 4655 1254 4744 serrupr'ne
1279 4655 1361 4723 texit
