3558 5458
721 1388 880 1522 oapur'
907 1421 961 1502 II.

358 1743 426 1812 Sed
450 1745 515 1811 iam
541 1741 582 1810 de
607 1743 734 1810 Aetnae
759 1749 893 1811 auctore
918 1743 1077 1810 disserere
1103 1743 1298 1810 desinamus
1322 1749 1363 1821 et,
1395 1745 1430 1808 ut

252 1861 391 1922 aetatem
428 1852 529 1919 libelli
566 1852 826 1936 investigemus,
860 1850 1043 1918 secundam
1079 1851 1166 1918 illam
1202 1849 1429 1936 inquisitionis

251 1962 338 2028 viam
364 1962 527 2039 ineamus
552 1978 638 2044 quae
663 1958 706 2024 ad
730 1977 781 2024 res
805 1958 857 2024 vel
880 1958 965 2024 facta
991 1958 1086 2024 certis
1110 1958 1319 2043 temporibus
1343 1957 1429 2024 attri-

252 2067 387 2134 buenda
412 2067 562 2152 pertinet.
1322 2057 1324 2060 ’

357 2173 405 2240 tlc
429 2175 554 2259 primae
576 2174 712 2259 quidem
737 2173 856 2240 rationi
881 2193 899 2238 a
923 2173 1000 2239 viris
1025 2171 1133 2238 doctis
1158 2171 1326 2240 adhibitae
1352 2173 1430 2239 sub-

252 2283 334 2349 iecta
372 2289 423 2348 est
461 2283 579 2367 opinio
616 2301 742 2360 eorum,
781 2282 838 2366 qui
873 2281 1059 2359 confidunt,
1098 2288 1268 2347 auctorem
1307 2281 1429 2366 ipsum,

252 2409 327 2456 cum
356 2397 423 2456 tam
452 2388 572 2456 vividis
601 2388 771 2455 coloribus
800 2389 926 2454 montis
957 2389 1139 2454 aestuantis
1167 2388 1286 2454 faciem
1312 2387 1429 2472 depin-

252 2505 352 2582 geret,
371 2497 537 2582 eruptioni
550 2494 678 2563 Aetnae
696 2494 853 2561 adfuisse.
879 2493 991 2575 Quam
1008 2495 1054 2562 ob
1069 2507 1137 2560 rem
1156 2495 1197 2561 de
1216 2495 1428 2580 eruptionum

251 2604 460 2690 temporibus
484 2604 516 2669 hi
540 2624 591 2670 vv.
618 2602 684 2683 dd,
716 2603 748 2668 in
774 2621 916 2687 quorum
948 2621 1088 2669 numero
1113 2602 1270 2687 fllzinger
1294 2610 1327 2669 et
1349 2603 1430 2668 Ves-

252 2731 367 2778 sereau
398 2718 485 2790 sunt,
520 2709 646 2795 aliquid
678 2709 834 2794 colligere
866 2710 1076 2777 studuerunt.
1133 2709 1238 2791 Quod
1269 2729 1330 2776 eos
1361 2709 1430 2777 iure

234 2857 236 2862 -
252 2818 370 2886 fecisse
388 2818 468 2885 mihi
488 2837 557 2884 non
575 2817 808 2903 persuadetur;
832 2818 918 2884 hanc
935 2819 1025 2885 enim
1044 2818 1370 2902 argumentationem
1396 2819 1429 2883 in
1528 2859 1529 2863 =

251 2925 389 3005 fontem,
415 2927 468 2993 cui
485 2945 520 2991 se
539 2925 717 3011 applicavit
740 2932 854 3010 poeta,
877 2944 948 2991 non
975 2926 1008 2991 in
1026 2944 1160 2993 carmen
1184 2926 1294 3010 ipsum
1312 2925 1429 2992 cadere

236 3029 397 3100 arbitror.
445 3033 645 3118 Scriptorem
670 3031 798 3099 lletnae
823 3039 973 3099 montem
997 3035 1132 3099 novisse
1153 3033 1428 3099 verisimillimum

252 3147 315 3219 est;
331 3140 512 3207 ferventem
527 3148 696 3230 spectasse
709 3159 786 3206 eum
802 3158 903 3206 nemo
915 3140 1080 3224 probabit.
1101 3139 1251 3206 Forsitan
1270 3139 1429 3206 obiecerit

253 3247 419 3332 quispiam
450 3248 619 3313 neminem
653 3248 803 3314 animum
834 3246 1047 3313 inducturum
1076 3247 1190 3325 fuisse,
1223 3253 1259 3312 ut
1286 3244 1428 3312 Aetnam

254 3361 394 3432 caneret,
420 3356 483 3419 nisi
501 3356 676 3439 eruptione
692 3355 778 3422 facta
796 3356 972 3421 hominum
992 3353 1193 3420 interfuisset
1210 3353 1321 3438 operis
1343 3352 1430 3419 illius

254 3461 405 3527 notitiam
436 3463 579 3545 assequi.
636 3461 698 3528 Cui
730 3461 1006 3547 respondendum
1039 3468 1088 3527 est
1122 3479 1295 3545 nunquam
1329 3459 1429 3544 plane

252 3565 411 3650 fripidom
445 3565 586 3633 Aetnam
621 3568 740 3648 fuisse,
777 3569 836 3635 sed
872 3587 981 3654 paene
1017 3567 1152 3633 assidue
1189 3586 1262 3632 eam
1298 3566 1428 3633 fumum

254 3692 457 3772 arenamque
482 3673 621 3741 diversis
649 3677 858 3761 temporibus
882 3675 1011 3741 diversa
1036 3676 1067 3741 vi
1097 3673 1245 3753 eiecisse,
1271 3691 1430 3739 nonnun-

254 3801 353 3866 quam
388 3789 572 3866 tantopere,
606 3789 643 3848 ut
673 3783 829 3848 homines
863 3783 1002 3848 exterriti
1037 3801 1054 3848 e
1084 3783 1332 3866 propinquitate
1357 3781 1431 3848 eius

254 3889 439 3974 effugerent
463 3889 571 3975 (quod
596 3888 782 3973 Caligulam
807 3909 836 3954 a.
854 3890 918 3955 XL.
944 3909 976 3974 p.
1003 3889 1077 3956 Chr.
1102 3889 1221 3955 fecisse
1245 3887 1430 3955 Suetonius

255 3995 374 4083 narrat)
403 4015 602 4082 semperque
633 3997 788 4067 homines
821 3996 979 4082 antiquos
1009 4015 1082 4062 earn
1108 4015 1184 4062 cum
1210 3995 1430 4062 admiratione

254 4111 286 4170 et
321 4106 454 4172 horrore
490 4105 736 4190 contemplatos
772 4102 890 4190 esse1).
949 4103 1047 4185 Quae
1083 4122 1158 4170 cum
1196 4103 1239 4169 ita
1275 4103 1350 4182 sint,
1387 4104 1431 4170 ad

361 4285 383 4353 ¹)
403 4281 489 4350 Quod
509 4281 593 4337 facile
621 4283 646 4336 ei
666 4282 842 4354 probabitur,
867 4282 917 4352 qui
937 4280 985 4334 vel
1005 4280 1099 4334 obiter
1118 4280 1246 4334 Senecae
1264 4278 1431 4351 tragoedias

254 4371 426 4442 inspexerim
445 4372 483 4425 ibi
503 4377 622 4443 apparet
635 4388 726 4442 paene
746 4388 848 4424 omnes
862 4371 949 4424 animi
968 4370 1087 4423 humani
1106 4375 1204 4424 motus
1217 4368 1352 4425 turbidos
1365 4387 1434 4424 oum

254 4460 372 4530 ignibus
397 4461 537 4516 Aetnaeis
561 4463 727 4532 comparari.
771 4461 868 4514 Pauca
893 4460 999 4530 eligam
1024 4459 1168 4531 exempla:
1200 4459 1360 4519 collatione
1385 4459 1437 4512 illa

254 4556 340 4620 poeta
354 4551 447 4604 utitur
459 4552 488 4604 in
498 4552 633 4606 Herculis
643 4551 790 4606 dementia
800 4551 849 4614 (H.
861 4551 890 4604 F.
904 4551 975 4620 105),
989 4549 1111 4605 Medeae
1122 4550 1223 4606 furore
1235 4549 1289 4628 (M.
1300 4549 1352 4604 409
1363 4547 1438 4619 sqq.)

254 4635 407 4701 Phaedrae
424 4641 548 4695 amantis
571 4642 684 4696 insania
703 4639 766 4711 (Ph.
782 4641 833 4695 100
852 4646 883 4694 et
901 4639 989 4709 alibi),
1013 4640 1103 4694 iratae
1130 4644 1243 4710 nuptae
1268 4637 1368 4692 dolore
1388 4637 1440 4711 (H.

255 4725 318 4788 Oet.
333 4728 398 4802 285)
417 4728 609 4808 depingendis
628 4728 676 4804 (cf.
696 4730 734 4786 H.
754 4729 818 4786 Oet.
833 4729 910 4798 1361,
932 4728 1002 4788 Oed.
1016 4728 1088 4804 314).
