3558 5458
827 499 1048 572 ..15-

455 717 586 790 Deinde
615 717 758 789 Tritonis
788 720 915 788 mentio
946 718 993 800 fit,
1030 719 1073 787 ita
1103 725 1137 789 ut
1173 719 1326 789 machina
1356 719 1522 807 quaedam

331 827 497 900 ‚videatur
527 817 717 914 significari,
752 830 784 894 in
815 829 963 914 Properti
994 829 1174 914 elegiarum
1206 828 1387 908 1.11c.32;
1424 836 1523 915 poeta

349 936 393 1002 ibi
418 936 699 1020 pulchritudinem
717 936 865 1022 porticus
881 935 1063 1023 Pompeiae
1080 942 1112 1004 et
1129 955 1235 1023 aquae
1253 937 1412 1017 salientis,
1437 955 1523 1024 quae

348 1063 453 1132 prope
478 1052 555 1125 erat,
580 1043 746 1112 describit.

512 1149 550 1220 15
576 1155 606 1216 et
628 1151 741 1218 leviter
763 1150 916 1238 nymphis
941 1155 1005 1218 toto
1030 1151 1265 1234 crepitantibus
1288 1152 1366 1218 orte

626 1279 698 1324 cerm
722 1259 827 1326 subito
849 1258 965 1324 Triton
989 1280 1042 1324 ore
1065 1259 1212 1326 recondit
1233 1281 1361 1342 aquom.

454 1365 544 1448 Quid
569 1367 737 1454 scriptoris
760 1369 860 1434 verba
884 1367 948 1434 sibi
971 1367 1083 1446 velint,
1108 1368 1187 1434 satis
1212 1368 1423 1435 enucleatum
1450 1383 1521 1434 non

348 1481 407 1540 est.
454 1473 659 1560 Propertium
686 1475 786 1553 enim,
817 1481 852 1560 ut
876 1475 1031 1557 exposuit
1057 1473 1384 1560 Hildebrand(1.1.),
1414 1472 1522 1542 dicere

347 1582 494 1648 voluisse
519 1580 687 1648 Tritonem
717 1582 832 1647 buccis
861 1581 983 1648 infiatis
1012 1581 1133 1665 longas
1165 1600 1268 1648 voces
1302 1582 1334 1646 in
1364 1583 1521 1649 bucinam

348 1687 445 1754 edere
463 1687 666 1755 credendum
684 1707 753 1755 non
772 1695 830 1766 est,
856 1707 932 1754 curn
949 1695 1035 1755 certe
1052 1688 1136 1754 deus
1158 1695 1193 1754 ut
1208 1689 1366 1755 bucinam
1385 1689 1522 1768 inflaret,

349 1815 418 1862 non
444 1815 529 1880 aqua
555 1814 594 1861 os
619 1797 833 1881 implevisset.
882 1794 975 1866 Duas
1000 1803 1109 1861 autern
1141 1797 1323 1862 sententias
1348 1795 1521 1863 Rothstein

348 1902 533 1982 confundit,
570 1903 627 1987 qui
652 1903 759 1987 primo
784 1901 953 1968 Tritonem
990 1903 1102 1969 subito
1132 1921 1254 1986 aquarn
1284 1921 1340 1969 ore
1376 1901 1522 1970 detinere

348 2029 457 2094 neque
482 2011 547 2076 iarn
573 2008 744 2075 effundere
769 2008 920 2087 affirmat,
952 2027 1027 2076 curn
1053 2015 1170 2093 postea
1195 2007 1237 2074 de
1262 2027 1348 2076 sono
1373 2009 1521 2093 quodam

347 2118 511 2201 loquatur,
542 2117 598 2201 qui
629 2134 646 2182 e
676 2114 730 2181 dei
763 2116 891 2181 concha
921 2113 1012 2182 reddi
1041 2115 1133 2181 visus
1161 2116 1212 2194 sit,
1243 2116 1338 2181 cuius
1363 2118 1407 2182 rei
1432 2115 1521 2202 apud

346 2224 553 2309 Propertium
578 2241 620 2288 ne
646 2222 821 2288 minimum
847 2220 983 2308 quidem
1000 2223 1178 2306 vestigium
1204 2229 1262 2288 est.
1299 2222 1402 2303 Quod
1428 2224 1521 2290 initio

346 2351 376 2396 v.
403 2329 435 2396 d.
467 2331 626 2409 exhibuit,
660 2330 728 2396 fere
765 2337 889 2396 rectum
925 2330 1124 2415 putaverim:
1161 2328 1260 2409 Trite,
1295 2348 1313 2396 e
1342 2332 1437 2396 euius
1466 2349 1522 2396 ore
1559 2413 1565 2426 ι

347 2456 434 2522 aqua
459 2437 587 2503 exsilire
612 2437 706 2516 solet,
732 2437 844 2502 subito
869 2454 939 2503 non
963 2437 1027 2503 iarn
1053 2436 1204 2516 effundit,
1230 2438 1362 2518 utslevis
1380 2438 1522 2523 crepitus

347 2563 508 2630 aquarum
533 2531 801 2610 concurrentium
827 2544 1036 2610 conticescat.
1077 2544 1174 2625 Quae
1199 2545 1336 2611 sirecte
1362 2539 1522 2631 explicata

347 2657 434 2729 sunt,
461 2652 537 2716 huic
565 2651 693 2735 figurae
717 2669 839 2735 aquarn
869 2651 1000 2720 eicienti
1026 2652 1107 2717 nihil
1138 2670 1213 2717 curn
1237 2650 1364 2719 Aetnae
1389 2651 1522 2718 Tritone

348 2776 528 2825 commune
553 2765 612 2824 est.

456 2864 704 2949 Cognoscimus
718 2866 817 2949 igitur
829 2864 973 2932 Tritonis
986 2867 1185 2947 machinam,
1204 2885 1289 2951 quae
1307 2885 1382 2933 cum
1395 2865 1522 2933 Aetnae

347 2973 531 3057 comparari
549 2973 665 3057 possit,
683 2991 753 3038 non
767 2990 936 3038 occurrere
954 2979 1182 3058 praeteream,
1200 2973 1242 3039 de
1260 2992 1325 3057 qua
1339 2972 1523 3040 Suetonius

348 3080 554 3145 mentionem
579 3079 665 3145 facit.
702 3079 814 3160 Quam
840 3098 880 3144 eo
898 3086 1059 3165 tempore,
1084 3099 1152 3164 quo
1176 3080 1354 3147 aClaudio
1372 3081 1405 3147 in
1423 3099 1521 3147 usum

346 3193 463 3252 vocata
489 3194 548 3265 est,
580 3205 703 3253 novam
729 3205 797 3252 rern
822 3186 925 3252 fuisse
955 3192 986 3253 et
1011 3205 1069 3272 per
1096 3205 1132 3254 se
1156 3188 1332 3254 verisimile
1357 3195 1416 3268 est,
1446 3208 1521 3254 curn

349 3293 410 3359 hac
435 3292 476 3359 de
496 3311 602 3379 causa
620 3294 759 3379 scriptor
775 3311 848 3359 earn
867 3294 1029 3372 nominet,
1055 3313 1165 3378 neque
1182 3313 1224 3360 eo
1242 3294 1405 3375 refellitur,
1430 3294 1522 3380 quod

349 3391 515 3466 Ciceronis
539 3405 643 3465 aetate
666 3401 833 3464 Romanos
861 3399 1098 3483 hydrautocnm
1126 3402 1237 3466 sonitu
1261 3404 1432 3468 delectatos
1457 3422 1523 3467 esse

348 3529 388 3572 ex
411 3507 507 3574 Toto.
525 3506 593 3572 ΠΙ
605 3509 650 3572 18
672 3507 844 3590 (hydronti
860 3507 979 3572 audiat
997 3529 1087 3573 acces
1105 3508 1219 3589 potius
1243 3531 1340 3591 quam
1356 3508 1523 3590 Platonis)

347 3616 472 3681 scimus
500 3615 669 3701 (Alzinger
693 3617 712 3681 l.
730 3617 750 3681 l.
768 3634 800 3700 p.
819 3614 885 3700 48).
932 3614 1018 3680 Nam
1049 3616 1203 3682 machina
1235 3618 1288 3683 illa
1321 3618 1449 3684 diversa
1479 3618 1521 3683 ab

348 3723 399 3789 his
429 3721 597 3809 hydraulis
627 3730 660 3789 et
688 3729 847 3788 structura
877 3721 1071 3788 difficillima
1100 3724 1170 3803 fuit,
1205 3743 1280 3790 cum
1312 3745 1381 3792 non
1411 3725 1521 3790 solum

347 3847 454 3914 aquae
479 3849 590 3915 opera,
616 3830 791 3896 sedetiam
817 3829 854 3893 tn
878 3848 964 3914 aqua
981 3849 1083 3896 voces
1108 3831 1228 3897 ederet.
1268 3832 1380 3922 Quare
1406 3850 1521 3915 quarn·

347 3956 447 4021 quarn
473 3945 641 4004 auctorem
670 3938 891 4018 spectaculum
920 3937 1002 4002 illud
1030 3939 1192 4023 respicere
1222 3957 1291 4003 non
1317 3937 1522 4016 crediderim,

346 4052 458 4111 tamen
484 4044 570 4110 adeo
596 4063 665 4110 non
691 4045 826 4111 infracta
852 4063 925 4111 esse
942 4043 1146 4110 Wernsdorfi
1170 4046 1252 4110 ratio
1279 4045 1359 4109 mihi
1383 4043 1521 4124 videtur,

348 4158 383 4218 ut
395 4153 572 4218 terminum
598 4171 688 4218 anno
706 4151 748 4218 53
773 4153 988 4218 recentiorem
1014 4171 1033 4216 a
1055 4153 1124 4217 viro
1143 4151 1339 4218 doctissimo
1357 4158 1521 4237 repertum

347 4277 421 4324 esse
446 4258 604 4344 putem1).

454 4436 476 4506 ¹)
496 4434 676 4490 Hildebrand
702 4437 730 4488 in
756 4435 977 4506 disceptatione,
1004 4452 1090 4504 quam
1119 4435 1277 4506 inscripsit:
1306 4436 1442 4507 Beitr'dge
1472 4454 1523 4489 zur

347 4524 511 4595 Erkl'atrung
531 4524 581 4578 des
595 4525 752 4579 Gedichtes
768 4525 863 4578 Aetna
877 4531 915 4596 (p.
928 4524 973 4594 16)
994 4521 1173 4577 Wernsdorfi
1187 4525 1387 4596 comprobavit
1405 4532 1522 4580 senten·

347 4615 425 4683 tiam,
446 4631 511 4670 cum
531 4621 634 4688 postea
653 4614 688 4670 de
709 4632 743 4668 ea
763 4615 930 4670 coniectura
948 4613 997 4667 illa
1016 4612 1161 4668 Sudhausi
1181 4621 1300 4687 accepta
1319 4615 1481 4672 decederet.
