3558 5458
806 469 1028 542 ..35-

326 692 447 760 habeat
481 690 774 778 significationem.
822 690 979 769 Causam,
1016 691 1190 770 rationem,
1227 694 1424 775 argumenta
1451 689 1503 758 vel

326 801 403 868 talia
427 798 641 884 percipimus,
667 817 737 865 non
766 797 895 877 ararum
923 816 1024 883 quam
1054 798 1100 865 ob
1129 815 1196 865 rem
1227 796 1334 866 Jacob
1362 797 1503 865 scribere

325 908 443 976 voluit:
480 927 607 973 unauna.
654 905 773 991 Neque
807 924 886 973 vero
921 905 1119 972 mutandum
1155 921 1229 972 esse
1263 905 1409 985 arbitror,
1444 904 1504 972 secl

326 1015 440 1082 miram
452 1014 634 1082 dictionem
649 1013 835 1081 imitatione
845 1012 1029 1079 Maniliana
1041 1011 1192 1079 effectam
1205 1031 1280 1080 esse
1292 1012 1501 1081 coniecerim.

430 1135 553 1244 Prope
571 1158 612 1225 ad
646 1157 823 1224 Manilium
857 1156 900 1243 (V
920 1156 973 1242 12)
999 1157 1058 1246 ‚hic
1086 1163 1186 1241 poeta
1214 1176 1244 1223 v.
1267 1155 1332 1223 247
1361 1155 1501 1225 accedit:

324 1286 386 1348 quo
421 1269 510 1332 uocet
534 1264 646 1348 Orion,
677 1265 916 1332 allectionem
942 1262 1159 1351 Gyraldinam
1184 1265 1365 1350 sequimur,
1399 1283 1500 1350 quam

324 1372 482 1441 Sudhaus
499 1374 533 1441 in
547 1379 738 1442 contextum
751 1373 884 1457 recepit,
897 1389 972 1438 cum
984 1370 1064 1438 Ellis
1075 1377 1107 1438 et
1117 1371 1302 1438 Vessereau
1313 1372 1501 1438 secundum

323 1487 450 1549 ceteros
475 1480 609 1548 codices
633 1479 793 1548 scribant:
817 1481 908 1545 nolet.
968 1477 1133 1564 Equidem
1156 1479 1298 1564 priorem
1322 1479 1499 1546 lectionem

323 1589 517 1674 praeferam,
546 1607 622 1656 cunr
655 1586 697 1655 de
721 1588 828 1672 signis
853 1605 929 1654 eum
955 1586 1055 1654 verba
1079 1586 1241 1653 iacturum
1266 1604 1352 1666 esse,
1377 1587 1501 1671 quibus

324 1702 444 1762 nautae
470 1703 615 1774 utuntur,
639 1713 735 1763 versu
758 1694 823 1761 246
847 1695 986 1780 cognito
1004 1700 1233 1779 expectemus;
1258 1694 1284 1760 si
1303 1695 1385 1761 haec
1401 1694 1499 1760 lectio

322 1810 407 1870 recta
421 1809 479 1883 esf,
498 1804 570 1870 sine
589 1801 693 1869 dubio
711 1803 878 1870 obiectum
893 1810 943 1869 est
958 1805 1089 1866 nautas.
1114 1801 1329 1886 Quamquam
1347 1801 1392 1868 ita
1408 1820 1499 1894 com-

323 1910 445 1976 modus
462 1927 583 1977 sensus
600 1909 749 1990 efficitur,
766 1916 878 1977 tamen
896 1908 985 1976 idem
1002 1909 1140 1975 verbum
1157 1908 1301 1976 vocandi
1319 1909 1352 1974 in
1369 1909 1498 1976 Manilii

322 2019 497 2085 enuntiato
532 2018 643 2103 aptius
675 2016 866 2096 adhibetur;
898 2023 998 2103 poeta
1032 2017 1121 2083 enim
1155 2017 1256 2083 alium
1293 2016 1358 2082 iam
1394 2016 1496 2084 linem

321 2122 483 2193 facturum
512 2124 615 2192 fuisse
640 2130 815 2204 asseverat,
845 2124 909 2191 sibi
938 2131 1048 2190 autem
1079 2122 1288 2208 pergendum
1310 2141 1395 2203 esse,
1420 2143 1496 2191 curn

322 2232 470 2298 mundus
509 2232 621 2299 iubeat
656 2249 693 2298 se
733 2235 804 2299 toto
834 2232 927 2299 caelo
957 2229 1137 2310 decurrere,
1173 2249 1249 2298 cum
1279 2231 1357 2297 hinc
1390 2230 1496 2299 Orion

321 2356 358 2405 se
380 2347 487 2419 vocet,
513 2340 603 2407 illinc
617 2339 758 2424 Anguis.
809 2338 864 2406 Nil
888 2345 955 2406 tam
979 2338 1075 2405 facile
1099 2338 1270 2406 subaudiri
1295 2356 1395 2423 quam
1421 2358 1496 2425 pro·

320 2465 446 2514 nomen
472 2464 636 2533 personae
661 2448 787 2533 primae
812 2452 930 2513 notum
955 2452 1019 2525 est;
1043 2445 1198 2514 facillime
1221 2446 1321 2530 igitur
1336 2446 1495 2531 astrologi

320 2555 484 2622 sententia
502 2555 680 2640 percipitur
695 2561 727 2622 et
742 2555 809 2622 vim
824 2553 1018 2639 quamdam,
1036 2559 1071 2620 ut
1084 2554 1165 2619 mihi
1178 2552 1316 2633 videtur,
1334 2555 1493 2620 maiorem

321 2679 421 2746 quam
448 2662 501 2729 ille
525 2662 620 2730 locus
637 2661 764 2728 Aetnae
788 2662 897 2728 habet.
945 2661 1057 2746 ltaque
1082 2663 1171 2728 bunc
1187 2667 1322 2747 poetam
1339 2661 1438 2728 verba
1455 2680 1496 2729 ex

318 2765 561 2838 Astronomicis
585 2770 736 2838 hausisse
761 2770 954 2856 putaverim.

425 2911 459 2980 ln
494 2913 616 2980 talibus
645 2914 753 2993 rebus,
790 2931 876 2999 quae
908 2912 1232 2998 magissentiuntur
1255 2932 1356 2998 quam
1382 2919 1493 2981 mente

319 3019 553 3107 percipiuntur,
576 3022 752 3088 bominum
772 3020 893 3088 iudicia
910 3021 944 3086 in
962 3005 1141 3088 contrarias
1159 3019 1267 3106 partes
1283 3021 1373 3088 abire
1391 3039 1492 3107 posse

318 3127 409 3194 baud
444 3128 580 3213 ignoro;
617 3127 697 3195 mibi
734 3127 870 3213 quidem
907 3128 959 3194 his
987 3127 1070 3194 locis
1096 3129 1292 3194 examinatis
1315 3128 1492 3195 verisimile

317 3233 446 3302 videtur
488 3254 561 3303 esse
605 3234 747 3303 Aetnam
792 3243 869 3321 post
911 3234 1144 3303 Astronomica
1193 3235 1362 3302 conditam
1406 3254 1490 3301 esse.

317 3341 455 3427 quando
494 3343 566 3409 libri
605 3341 648 3410 de
679 3341 923 3412 astronomicis
958 3343 1068 3428 scripti
1108 3343 1183 3422 sint,
1224 3343 1376 3409 nondum
1411 3343 1491 3410 satis

316 3450 522 3535 exploratum
548 3456 614 3530 esf;
639 3457 724 3518 certe
749 3457 805 3517 aut
829 3451 1006 3535 postremis
1030 3451 1102 3517 aevi
1126 3448 1289 3535 Augustei
1313 3452 1411 3518 annis
1435 3457 1491 3518 auf

316 3556 448 3624 Tiberio
473 3557 671 3644 imperatore
695 3559 874 3643 compositi
896 3563 974 3624 sunt
986 3556 1019 3643 ¹.)
1066 3557 1101 3624 Si
1119 3559 1207 3644 prior
1223 3559 1386 3625 sententia
1404 3566 1490 3626 recta

316 3671 375 3743 est,
400 3665 481 3730 nihil
499 3665 578 3731 novi
595 3664 637 3731 de
652 3662 759 3732 Aetna
777 3665 948 3744 discimus
965 3665 1126 3749 quoniam
1145 3683 1277 3732 carmen
1295 3671 1372 3752 post
1388 3664 1490 3734 Ovidi

316 3778 455 3838 mortem
491 3772 613 3838 factum
650 3789 723 3838 esse
756 3791 855 3856 supra
885 3773 950 3838 iam
976 3773 1188 3856 collegimus;
1225 3773 1252 3839 si
1277 3773 1386 3853 altera,
1422 3773 1489 3840 iam

315 3878 419 3963 paulo
442 3879 581 3966 propius
598 3878 640 3944 ad
658 3877 806 3946 medium
823 3879 994 3946 saeculum
1016 3880 1158 3965 primum
1177 3898 1209 3965 p.
1228 3879 1264 3946 C.
1283 3898 1314 3946 n.
1327 3882 1491 3950 terminus

315 3987 368 4054 ille
393 3985 585 4071 movetur2).

315 4289 531 4361 ,suscipimus“,
551 4308 609 4346 non
627 4291 842 4365 ,percipimus“,
861 4289 984 4347 fortasse
998 4292 1026 4346 in
1045 4297 1150 4364 poetae
1163 4290 1199 4348 de
1212 4291 1333 4352 Manilio
1345 4292 1492 4352 recordati

313 4394 400 4433 versu
437 4381 613 4452 praepositio
643 4403 696 4455 per
727 4399 778 4453 pro
807 4381 856 4436 illa
883 4383 1004 4454 irrepsit.
1034 4413 1067 4422 —-
1096 4382 1202 4442 Exitus
1233 4399 1342 4444 versos
1369 4381 1496 4436 traditus

312 4465 378 4521 loco
406 4467 532 4539 quodam
551 4469 635 4524 Statii
654 4488 671 4526 a
690 4471 804 4526 Jacobo
832 4471 921 4526 allato
946 4470 1063 4526 delendi
1090 4471 1228 4532 videtur:
1258 4481 1357 4536 animo
1375 4477 1400 4528 el
1417 4472 1501 4533 fortes

312 4565 465 4616 curtrorum
482 4562 592 4632 concipe
608 4580 691 4619 auras
709 4559 790 4631 (Silv.
802 4560 863 4628 V2,
876 4561 947 4631 127).

418 4666 441 4740 ¹)
460 4665 613 4722 Terminus
632 4661 752 4724 ultimus
772 4685 831 4724 non
850 4667 1028 4726 dubitandus
1047 4687 1072 4726 a.
1085 4670 1103 4726 ll
1115 4688 1142 4746 p.
1156 4672 1229 4732 Chr.
1244 4687 1275 4727 n.
1290 4673 1349 4731 est.

1306 4756 1347 4810 l⁸3
