3558 5458
736 1587 895 1689 caput
921 1587 953 1668 I.

360 1910 435 1978 Jam
468 1910 667 1978 accedamus
696 1909 738 1977 ad
769 1928 838 1977 rem
867 1911 1080 1994 primumque
1108 1909 1299 1976 testimonia
1330 1909 1430 1976 nobis

255 2019 371 2086 tradita
389 2019 617 2102 inspiciamus.
652 2016 805 2096 Codices,
832 2018 864 2082 in
890 2034 1032 2101 quorum
1050 2017 1295 2101 subscriptione
1316 2022 1431 2083 auctor

256 2126 456 2204 nominatur,
491 2126 575 2192 inter
607 2143 643 2190 se
677 2125 893 2192 consentiunt
916 2123 1040 2208 Vergili
1072 2122 1213 2189 Aetnam
1247 2140 1331 2200 esse,
1366 2121 1430 2187 nisi

256 2233 348 2318 quod
383 2233 582 2300 deteriorum
617 2231 816 2309 libellorum,
851 2230 974 2315 quibus
1007 2230 1160 2297 italorum
1195 2247 1320 2296 nomen
1353 2228 1430 2294 dare

256 2340 416 2418 solemus,
441 2338 595 2405 nonnulli
606 2338 633 2424 ¹)
655 2355 788 2404 carmen
807 2336 963 2403 Cornelio
981 2335 1105 2404 Severo
1122 2336 1316 2421 adsignant3
1337 2335 1430 2421 quod

201 2439 205 2448 ’
256 2465 331 2514 curn
358 2452 443 2512 certe
468 2445 657 2512 coniectura
682 2444 804 2512 recenti
829 2462 870 2509 ex
886 2443 962 2510 loco
980 2442 1128 2511 Senecae
1153 2443 1235 2510 inira
1259 2442 1430 2510 atterendo

257 2554 398 2621 deducta
428 2552 589 2620 eflectum
607 2551 658 2629 sit,
690 2551 771 2617 nihil
795 2550 904 2618 valere
929 2558 1075 2636 apparet.
1119 2551 1154 2616 ln
1179 2549 1295 2618 codice
1319 2556 1430 2617 autem

257 2661 409 2739 Lucensi,
435 2659 477 2727 ad
494 2677 595 2744 quem
620 2658 810 2726 referendas
834 2676 908 2726 esse
929 2658 1106 2725 verisimile
1131 2665 1181 2725 est
1204 2665 1237 2724 et
1259 2657 1431 2736 lectiones,

257 2784 343 2852 quae
371 2773 533 2835 vocantur
561 2765 773 2853 Gyraldinae‚
805 2773 837 2833 et
865 2772 990 2833 textum
1020 2784 1039 2831 a
1068 2765 1184 2832 codice
1209 2766 1431 2833 Laurentiano

257 2876 455 2960 praebitum,
486 2874 665 2941 coniuncta
689 2879 756 2940 erat
780 2867 886 2940 Aetna
917 2891 992 2938 cum
1019 2871 1193 2939 Claudiani
1219 2872 1432 2951 carminibus,

258 2983 291 3047 in
316 3000 458 3066 quorum
484 2999 625 3048 numero
643 2999 765 3066 poema
790 2980 883 3065 quod
900 2986 1078 3046 tractamus
1093 2979 1234 3046 tortasse
1258 2987 1432 3065 propterea

257 3090 404 3174 positum
430 3095 507 3168 erat,
532 3090 618 3169 qaod
641 3086 720 3152 loeis
743 3087 915 3152 aoaaallas
932 3085 1072 3152 Aetnam
1096 3091 1320 3152 commemorat
1335 3085 1440 3152 Olau-⁴

257 3196 380 3260 dianas
419 3195 575 3281 (Wagler,
600 3195 650 3261 De
675 3194 781 3262 Aetna
806 3213 918 3280 poem.
947 3201 1074 3278 quaest.
1093 3195 1160 3262 crit.
1178 3214 1211 3279 p.
1233 3193 1295 3279 10).
1342 3193 1431 3259 Num

258 3303 327 3370 iure
360 3303 511 3369 librarius
533 3300 674 3369 Aetnam
709 3302 774 3370 illic
807 3302 1048 3380 collocavisset,
1083 3303 1148 3368 iam
1179 3301 1346 3389 Gyraldus
1378 3300 1432 3368 ille

259 3408 431 3487 dubitavit,
455 3428 565 3493 neque
590 3416 639 3477 est
664 3410 855 3488 obscurum,
885 3410 966 3495 quin
992 3409 1197 3476 Claudianus
1225 3415 1339 3475 auctor
1362 3426 1431 3474 non

258 3516 309 3582 sit.
335 3514 432 3596 Quae
456 3534 531 3582 cum
557 3517 600 3583 ita
624 3518 700 3596 sint,
726 3518 759 3583 in
784 3517 874 3583 libris
899 3516 980 3583 nihil
1006 3517 1069 3582 nisi
1092 3517 1274 3600 Vergilium
1299 3532 1433 3582 carmen

259 3621 451 3688 condidisse
475 3621 619 3689 traditur.

365 3729 483 3814 Neque
516 3748 595 3797 vero
629 3731 729 3815 plane
760 3731 849 3797 idem
883 3731 1007 3799 docent
1040 3733 1330 3816 grammaticorum
1362 3729 1433 3796 lati-

260 3856 378 3903 norum
410 3836 542 3916 iudicia,
572 3854 657 3920 quae
686 3845 865 3926 servantur.
917 3837 1062 3905 Alterum
1094 3847 1198 3906 exstat
1227 3839 1260 3904 in
1285 3838 1350 3904 vita
1379 3837 1433 3904 illa

259 3944 459 4028 Vergiliana,
489 3962 589 4028 quam
616 3943 706 4018 haud
734 3943 833 4028 plane
858 3952 944 4011 recte
975 3947 1038 4012 sub
1063 3945 1187 4012 Donati
1212 3947 1350 4012 nomine
1375 3945 1433 4011 cir·

260 4050 411 4116 cumieni
439 4051 580 4130 scimus;
609 4051 801 4134 composuit
827 4053 919 4118 enim
949 4071 1022 4118 eam
1053 4051 1246 4131 Suetonius,
1280 4051 1434 4118 Donatus

261 4158 442 4224 retractavit
471 4164 599 4224 tantum
634 4165 667 4225 et
699 4158 798 4224 auxit.
830 4158 884 4243 (ci.
908 4158 1058 4226 Nordeni
1090 4159 1367 4244 disceptationem
1399 4159 1433 4225 in

260 4262 348 4330 llus.
362 4262 467 4331 Rhen.
486 4265 569 4331 1906
587 4283 619 4350 p.
636 4266 696 4332 167
715 4265 922 4351 institutam).
958 4265 1004 4331 lbi
1024 4266 1105 4332 haec
1118 4266 1276 4349 legimus:
1301 4265 1435 4348 scripsit

260 4369 342 4453 (aaa.
368 4371 543 4455 Verpz'la'as)
567 4373 663 4437 etiam
687 4375 727 4438 de
750 4393 815 4454 aaa
839 4371 1015 4455 ambipa‘tar
1032 4371 1172 4436 Aetnam
1196 4372 1301 4459 (Suet.
1326 4372 1378 4439 ed.
1395 4371 1433 4465 R.

261 4496 293 4563 p.
315 4477 383 4563 58).
429 4476 575 4546 Alterum
611 4489 721 4549 autem
755 4480 984 4548 testimonium
1019 4480 1053 4546 in
1082 4479 1174 4547 Servi
1208 4481 1251 4548 ad
1284 4479 1434 4548 Aeneida

261 4641 473 4651 ————-

370 4726 394 4804 1)
413 4725 478 4784 var.
492 4727 563 4784 3272
577 4733 608 4785 et
620 4727 714 4786 codex
727 4745 744 4786 a
756 4727 902 4787 Munrone
921 4733 939 4796 ζ
953 4730 1130 4800 nominatae,
1144 4728 1180 4786 ol.
1194 4729 1266 4786 Ellis
1280 4747 1307 4806 p.
1321 4727 1433 4788 XXIII.
