3558 5458
731 1409 890 1510 capue
916 1407 994 1490 III.
1106 1456 1109 1461 -

382 1732 455 1801 lam
482 1736 523 1801 ab
548 1733 600 1800 liis
624 1733 830 1816 argumentis
854 1733 1016 1799 abeamus
1045 1737 1077 1799 et
1106 1730 1139 1797 in
1164 1731 1291 1799 tertiam
1317 1750 1452 1818 progre-

277 1842 407 1910 diamur
423 1847 561 1927 partem‚
585 1858 651 1925 qua
670 1839 918 1925 explanandum
944 1845 1004 1917 est,
1029 1857 1116 1924 quos
1132 1839 1309 1924 scriptores
1324 1837 1453 1906 Aetnae

277 1956 391 2016 auctor
413 1946 563 2015 videatur
586 1947 781 2031 respexisse.
816 1946 912 2012 Hanc
929 1945 1229 2030 quaestionemne
1247 1945 1339 2031 apud
1363 1946 1454 2014 hunc

277 2056 412 2140 quidem
453 2062 588 2141 poetam
627 2055 700 2119 sine
739 2053 852 2138 aliquo
894 2053 986 2120 lucro
1024 2054 1151 2120 tractari
1185 2050 1338 2134 conlido,
1374 2073 1451 2121 cum

278 2163 442 2228 Romanos
472 2183 642 2243 nureqemm
670 2159 870 2226 dubitavisse
899 2161 937 2224 ub
967 2159 1022 2242 eis,
1052 2159 1110 2241 qm'
1137 2164 1386 2244 antecesserant,
1416 2167 1455 2226 ut

276 2291 328 2335 res
351 2274 382 2334 el
404 2275 607 2353 urpurnentu,
632 2268 680 2332 im
703 2267 799 2332 etium
822 2268 918 2333 verbu
943 2271 973 2332 el
988 2267 1160 2333 dictionem
1184 2266 1333 2334 mutuari
1355 2268 1454 2351 idque

276 2377 418 2443 mumime
439 2377 565 2460 fectum
590 2398 657 2442 esse
681 2398 700 2442 a
719 2375 859 2461 emelim)
883 2376 1039 2444 sciamus.

383 2485 549 2554 Catullum
582 2492 693 2552 autem
723 2491 755 2551 et
784 2484 970 2552 Lucretium
998 2485 1206 2564 omittamus,
1241 2484 1319 2570 quia
1349 2503 1451 2553 nemo

276 2593 414 2672 dubitat,
439 2594 521 2679 quin
547 2594 610 2659 hos
634 2599 762 2678 poetas,
788 2592 951 2678 imprimis
972 2592 1170 2671 Lucretium,
1195 2593 1342 2660 imitatus
1366 2593 1417 2660 sit.

381 2700 429 2768 llc
453 2703 596 2788 primum
622 2700 759 2786 quidem
785 2700 826 2767 de
850 2701 1009 2786 Vergilio*
1024 2700 1206 2768 videndum
1237 2710 1296 2769 est.
1343 2701 1451 2769 Prius-

276 2827 376 2894 quam
402 2815 513 2876 autem
538 2808 581 2876 ad
598 2808 752 2893 singulos
769 2809 864 2877 locos
885 2808 1133 2894 comparandos
1157 2826 1306 2894 pergam,
1330 2809 1450 2875 mirum

276 2917 334 2983 viri
347 2916 436 2984 docti
445 2916 470 3001 2)
484 2915 644 2984 iudicium
658 2917 1001 2996 commemoraverim,
1015 2917 1083 3001 qui,
1095 2923 1130 2984 ut
1141 2915 1268 2984 Aetnae
1282 2923 1450 2984 auctorem

274 3022 449 3090 Maronem
487 3043 561 3091 esse
596 3025 724 3110 probet,
761 3023 916 3090 carminis
951 3042 1047 3091 versu
1083 3023 1147 3090 634
1181 3023 1301 3107 (pietas
1328 3023 1453 3090 homiui

277 3130 440 3196 tutissima
461 3130 582 3215 virtus)
607 3149 708 3217 quam
731 3132 875 3197 maxime
899 3149 935 3197 se
960 3131 1101 3199 affirmat
1125 3131 1166 3198 de
1188 3131 1277 3201 dicto
1302 3130 1450 3218 quodam

275 3238 399 3322 Vergili
438 3239 622 3305 admoneri.
681 3238 846 3324 Scriptum
883 3239 972 3305 enim
1012 3239 1093 3324 legit
1128 3240 1161 3305 in
1196 3240 1262 3306 vita
1298 3239 1352 3306 illa
1387 3240 1451 3306 sub

276 3343 401 3411 Donati
421 3348 560 3413 nomin'e
576 3347 710 3432 vulgata
727 3347 794 3433 (18,
808 3345 881 3432 75);
906 3347 939 3412 V.
957 3346 1075 3412 solitus
1091 3351 1161 3412 erut
1176 3346 1300 3412 dicere:
1321 3345 1452 3410 nullum

275 3450 427 3516 virtutem
444 3453 686 3518 commodiorem
698 3452 821 3519 homini
835 3475 902 3519 esse
909 3453 1095 3536 pacientie·
1119 3454 1315 3521 Ciceronem
1331 3454 1452 3522 doctus

277 3559 330 3625 ille
362 3560 411 3624 vir
441 3559 551 3643 legere
576 3560 729 3640 debebat,
758 3561 897 3629 si'dicta
922 3562 978 3640 illi,
1009 3562 1101 3646 qnod
1137 3563 1171 3629 in
1199 3560 1306 3629 lletna
1335 3568 1452 3642 exstat,

276 3667 434 3733 similiora
472 3673 507 3732 et
550 3668 653 3734 multa
698 3669 845 3735 invenire
884 3670 1006 3748 voluit;
1053 3670 1192 3736 tortasse
1230 3677 1300 3737 tum
1341 3668 1452 3737 Tullio

275 3771 416 3841 Aetnam
443 3775 674 3860 asscripsisset.

277 4013 280 4018 .
382 3971 405 4040 ¹)
425 3970 454 4025 O.
472 3970 580 4026 Hosius
599 3971 629 4024 in
650 3972 889 4027 commentariolo
909 3973 1127 4045 elegantissimo
1146 3972 1182 4027 de
1201 3974 1364 4028 imitatione
1383 3991 1454 4044 poe-

274 4063 368 4112 tarum
388 4060 588 4114 Romanorum
609 4063 774 4134 composito
794 4063 951 4136 (Gryphiae
973 4062 1049 4128 1907,
1068 4081 1094 4134 p.
1109 4063 1145 4133 3).

380 4150 401 4220 ²)
421 4147 541 4215 Walter,
566 4149 657 4206 Blnm.
679 4154 697 4208 l.
722 4153 749 4208 d.
770 4157 850 4228 bayr.
870 4152 1178 4225 Gymnasial-Sohulw.
1199 4151 1268 4206 1899
1292 4170 1318 4223 p.
1338 4152 1399 4206 585.
1418 4183 1453 4194 -

273 4235 419 4292 Tantidem
435 4253 537 4292 eorum
551 4245 700 4300 rationem
713 4251 850 4307 aestimo
870 4244 918 4313 qui
937 4247 1042 4313 putant
1054 4237 1214 4312 Vergilium
1227 4246 1376 4295 auctorem
1389 4257 1454 4296 esse

272 4341 306 4376 eo
319 4325 491 4391 conlinnari,
512 4330 590 4400 quod
605 4331 644 4384 de
659 4333 762 4407 ligulis
781 4341 811 4391 in
827 4333 952 4387 carmine
965 4333 1074 4385 mentio
1093 4331 1129 4385 lit
1147 4331 1187 4403 (v.
1201 4331 1265 4401 517)
1284 4336 1315 4384 et
1327 4330 1455 4385 Maronis

271 4419 376 4482 patrem
400 4415 527 4484 ligulam
552 4435 621 4477 esse
647 4425 818 4494 accepimus
843 4422 927 4491 (Ellis
952 4423 981 4474 in
1006 4439 1131 4476 excursu
1156 4439 1183 4492 p.
1203 4419 1263 4486 238g
1292 4421 1455 4476 Vessereau

268 4520 294 4572 1³·
308 4502 435 4567 XXXV;
465 4510 569 4578 Virpile
588 4517 688 4570 nurnil
708 4518 772 4570 bien
796 4534 835 4586 pu
854 4515 976 4571 observo·
994 4514 1064 4570 clena
1088 4510 1203 4570 l'utelr'cr
1219 4513 1342 4584 peterncl
1361 4511 1456 4580 lesnit

268 4596 314 4666 nui
332 4601 371 4652 eu
389 4599 509 4654 corutute'
528 4601 602 4658 dune
621 4603 758 4675 l'Aetna).
1217 4675 1221 4682 ,
1279 4671 1295 4706 q
