3558 5458
760 1440 920 1543 caput
946 1439 1024 1524 IV.

840 1641 945 1650 ῥα.-

410 1762 485 1830 Jam
515 1762 724 1850 pergendum
754 1763 876 1830 estad
905 1782 979 1830 eam
1009 1763 1479 1848 dissertatiunculaepartem,

305 1888 370 1958 qua
396 1870 437 1937 de
462 1871 563 1936 huius
587 1877 708 1954 poetae
731 1871 924 1938 elocutione
940 1889 1046 1956 pauca
1071 1871 1179 1938 dicere
1204 1871 1237 1937 in
1263 1871 1377 1937 animo
1402 1876 1479 1937 erat.

304 1976 352 2044 Ac
375 1977 518 2063 primum
543 1976 720 2044 videamus
744 1977 785 2045 de
810 1979 908 2064 copia
932 1977 1119 2045 verborum.
1154 1977 1326 2064 Nonnulla
1351 1983 1480 2044 exstant

304 2085 338 2151 in
375 2085 520 2151 carmine
555 2085 665 2165 verba,
701 2102 786 2170 quae
816 2085 941 2152 auctori
973 2085 1167 2151 communia
1195 2090 1273 2152 sunt
1302 2103 1377 2151 cum
1403 2084 1479 2151 scri·

304 2182 458 2277 ptoribus
478 2191 680 2276 quibusdam
705 2192 777 2258 aevi
802 2193 961 2280 argentei
986 2191 1079 2277 quod
1103 2197 1249 2260 vocatur.
1284 2189 1332 2258 Ac
1354 2191 1397 2260 de
1421 2210 1479 2259 vo·

304 2297 435 2365 cabuiis
455 2317 731 2363 commin-murare
754 2298 797 2385 (v.
815 2299 879 2366 299
896 2298 953 2365 Sil.
971 2298 1062 2385 ital.)‚
1086 2319 1223 2382 suerrus
1246 2297 1289 2385 (ν.
1314 2297 1390 2378 269,
1414 2298 1479 2366 535

303 2401 412 2490 Ptin),
438 2404 560 2489 emnqit
582 2405 660 2490 (296
677 2403 832 2493 Quintil.)
857 2405 998 2471 lentitius
1014 2405 1093 2492 (544
1110 2405 1208 2492 Plin.)
1230 2406 1296 2472 iam
1313 2404 1478 2473 admonu-

218 2599 220 2605 ,
304 2520 400 2580 erunt
422 2533 473 2580 vv.
499 2513 567 2592 dd,
592 2513 656 2580 alia
681 2512 838 2581 addenda
862 2520 949 2581 sunt.

411 2619 445 2686 ln
469 2639 499 2686 v.
521 2618 586 2686 372
610 2620 768 2705 legimus:
800 2641 858 2686 nec
876 2641 1003 2702 parnas
1024 2619 1197 2686 'mendicat
1222 2641 1313 2702 opes·
1340 2621 1478 2687 verbum

302 2726 488 2792 nrmdioare
504 2732 593 2811 post
621 2727 773 2794 Plautum
811 2746 886 2794 cum
917 2728 1117 2808 accusativo,
1154 2735 1316 2813 quantum
1341 2729 1423 2808 scio,
1460 2747 1478 2794 a

304 2833 514 2916 Quintiliano
532 2833 607 2901 solo
624 2833 799 2920 copulatur
822 2833 928 2921 (Deci.
945 2834 985 2901 Vl
999 2834 1067 2920 24),
1092 2834 1155 2902 nisi
1173 2834 1266 2920 quod
1290 2843 1372 2922 part.
1396 2834 1478 2922 peri.

303 2960 391 3035 pass.
417 2941 664 3027 significatione
689 2942 829 3009 occurrit
848 2942 1017 3009 transitiva
1034 2941 1126 3027 apud
1142 2939 1303 3010 Ovidium
1328 2941 1477 3029 (tiva,
1549 2933 1550 2936 ’

305 3049 345 3118 14
370 3047 436 3115 cibo
459 3047 656 3132 mendicato)
679 3055 711 3115 et
734 3047 922 3118 Iuvenalem
948 3048 990 3135 (X
1000 3047 1064 3116 277
1084 3048 1187 3131 ponis
1203 3054 1260 3133 m.)

312 3147 315 3152 ’
408 3155 619 3222 Vocabulum
649 3154 794 3237 defectus
822 3151 871 3242 (νζ
884 3156 948 3223 455
977 3155 1073 3220 cuius
1101 3153 1157 3242 [sc.
1187 3155 1308 3240 lapidis
1332 3155 1476 3244 molaris]

302 3261 448 3346 defectus
463 3261 592 3328 ieiunos
608 3262 731 3348 collipit
745 3262 850 3348 iquos)
874 3262 1041 3348 Vergilius
1062 3264 1228 3349 ceterique
1245 3265 1345 3331 huius
1361 3265 1478 3332 aetatis

302 3371 479 3454 scriptores
508 3369 550 3436 ad
579 3378 664 3438 astra
694 3369 919 3439 decrescentia
950 3369 1173 3455 significanda
1208 3362 1384 3450 adhibent;
1420 3371 1477 3439 illo

302 3485 413 3554 autem
439 3477 515 3544 loco
532 3476 659 3544 Aetnae
680 3476 826 3563 lapidem
851 3477 1012 3545 molarem
1037 3477 1155 3546 deesse
1180 3478 1352 3547 indicatur.
1378 3479 1479 3548 Hunc

302 3603 439 3654 sensum
463 3583 607 3651 verbum
628 3583 709 3650 illud
738 3590 815 3652 ante
843 3584 929 3651 Plini
958 3593 1109 3671 tempora
1139 3593 1305 3671 nusquam
1331 3587 1476 3672 praebet,

301 3691 362 3763 sed
386 3691 486 3758 huius
511 3691 544 3757 in
569 3691 715 3760 Historia
740 3690 876 3758 demum
901 3691 1050 3760 Naturali
1060 3692 1084 3779 ¹)
1109 3700 1141 3766 et
1164 3700 1283 3778 postea
1308 3713 1476 3761 nonnum-

302 3817 403 3889 quam
430 3799 480 3866 ita
498 3805 682 3883 usurpatur.

408 3905 443 3972 ln
460 3925 490 3972 v.
504 3905 570 3973 523
588 3906 745 3991 scriptum
770 3905 940 3974 videmus:
964 3929 1101 3974 securus
1117 3909 1156 3974 ab
1169 3907 1254 3988 illim
1277 3909 1476 3976 adiectivum

301 4019 412 4081 autem
437 4012 519 4082 illud
542 4013 713 4081 aLucano
730 4013 907 4102 Plinioque
932 4016 1047 4102 primis
1063 4035 1139 4084 cum
1164 4017 1413 4102 praepositione
1436 4015 1476 4081 ab

302 4119 560 4206 coniungitur2).

406 4226 482 4293 Jam
500 4227 534 4293 in
544 4248 577 4294 u.
591 4228 656 4294 542
674 4247 813 4315 corpora
831 4230 1033 4298 densissima
1049 4239 1220 4313 vocantur,
1237 4231 1340 4298 solido
1355 4229 1475 4314 uicino,

301 4335 321 4402 i.
346 4353 375 4401 e.
402 4353 510 4420 paene
534 4335 657 4415 solida;
683 4337 765 4404 haec
790 4356 926 4423 quoque
944 4338 1045 4408 dictio
1067 4341 1165 4408 aetati
1187 4347 1365 4424 argenteae
1390 4340 1475 4408 attri-

300 4441 436 4509 buenda
469 4442 599 4509 videtur
631 4461 715 4509 esse.
762 4443 848 4511 Nam
882 4445 1012 4513 vicinus
1044 4448 1097 4514 vel
1130 4447 1206 4516 loco
1240 4448 1292 4516 vel
1325 4456 1476 4537 tempore

407 4619 430 4690 ¹)
451 4618 540 4676 Velut
558 4618 623 4688 XX,
643 4620 686 4687 96,
696 4621 721 4686 2,
740 4619 863 4688 XXVII,
881 4622 924 4688 40,
936 4623 960 4676 3.

407 4711 429 4784 ²)
449 4707 492 4766 ut.
513 4709 598 4764 Thes.
618 4708 702 4784 Ling.
718 4709 786 4766 Lat.
806 4727 828 4766 ε.
848 4729 876 4768 v.
895 4715 936 4772 ab.
