3558 5458
798 483 1020 556 „atp-

320 717 391 774 non
421 701 522 771 nimis
544 701 737 789 presserim,
766 704 879 770 tamen
909 719 972 771 nos
997 699 1158 788 suspicari
1186 717 1288 787 posse
1311 698 1497 788 putaverim

320 811 485 879 Senecam
524 811 693 896 tragicum
722 829 807 880 cum·
833 808 961 878 Aetnae
996 815 1131 876 auctore
1170 809 1274 876 artius
1310 810 1497 876 cohaerere.

321 919 401 988 Uter
425 919 562 985 alterum
582 919 770 1004 respexerit,
796 917 936 985 dubium
962 935 1124 984 essenon
1145 923 1270 1002 potest,
1289 933 1371 984 cum
1389 916 1498 1001 philo·

320 1027 459 1111 sophus.
477 1025 530 1092 ille
554 1025 682 1092 Aetnae
699 1026 851 1118 notitiam
872 1023 1096 1103 nanvhabeit,
1122 1025 1155 1090 id
1173 1021 1265 1109 quo'd
1284 1023 1362 1090 inde
1379 1025 1498 1104 elucet,

321 1133 414 1219 quod
439 1134 512 1200 eius
529 1134 562 1199 in
579 1132 793 1200 Naturalibus
808 1131 1075 1213 Quaestionibus
1089 1131 1305 1204 mentionem
1323 1149 1393 1200 non
1409 1131 1497 1198 lacit.

427 1239 479 1307 Ad
505 1242 567 1308 lros
603 1241 697 1326 ipsos
732 1239 834 1306 libros
852 1241 930 1307 iam
967 1255 1157 1325 pergamus.
1205 1237 1393 1319 Quomodo
1426 1239 1498 1306 fieri

323 1349 441 1435 potuit,
467 1354 502 1415 ut
518 1347 665 1427 Seneca,
683 1367 759 1414 cum
773 1365 842 1414 eos
862 1347 1049 1425 conticeret,
1075 1365 1208 1413 carmen
1229 1353 1381 1414 nastrum
1398 1346 1499 1431 plane

322 1458 499 1541 ignoraret,
525 1455 614 1521 unde
639 1474 720 1521 sane
744 1473 859 1526 versus
883 1455 1078 1540 aptissimos
1106 1453 1376 1538 ailerre‘potuiti
1423 1453 1499 1521 Hoc

322 1562 454 1630 duabus
479 1561 664 1629 rationibus
699 1561 853 1646 explicari
871 1579 992 1644 posse
1015 1559 1174 1626 Sudhaus
1209 1567 1294 1627 recte
1326 1559 1497 1628 iudicavit:

322 1676 378 1736 aut
390 1667 520 1735 Annaei
533 1669 742 1753 temporibus
755 1669 951 1753 poemation
970 1667 1050 1734 illud
1069 1667 1241 1734 oblivione
1260 1668 1325 1734 iam
1340 1669 1496 1735 obrutum

314 1785 390 1846 erat
424 1783 481 1844 aut
516 1775 670 1844 nondum
706 1776 870 1856 exstabat;
906 1794 1046 1861 quarum
1071 1776 1316 1843 sententiarum
1354 1776 1525 1861 priorem

323 1885 537 1953 doctissimus
562 1883 616 1950 ille
639 1884 688 1949 vir
711 1889 835 1950 tutatus
860 1889 920 1950 est.
969 1881 1044 1950 lloc
1073 1890 1184 1950 autem
1210 1883 1371 1968 iudicium
1398 1901 1497 1969 prop-

193 2079 197 2086 *
322 2001 415 2061 terea
432 1992 514 2059 ferre
540 1992 658 2078 potuit,
694 1991 788 2076 quod
816 2008 924 2076 paene
948 1990 1050 2058 toti-us
1078 1972 1206 2056 saeculi
1231 1991 1376 2075 spatium
1401 1991 1498 2058 inter-

323 2100 439 2168 cedere
486 2101 569 2166 inter
613 2106 776 2186 tempora,
803 2099 947 2185 ¹quibus
994 2106 1172 2184 utrumque
1200 2099 1372 2184 scriptum
1410 2106 1498 2165 esset

323 2208 523 2288 contectum,
550 2222 756 2293 persuasum
794 2207 919 2274 habuit.
967 2205 1035 2272 Sed
1071 2225 1147 2273 cunr
1184 2224 1283 2293 supra
1320 2207 1498 2274 non-sine

323 2314 555 2402 probabilitate
592 2314 826 2399 collegerimus
863 2313 1011 2381 Culicem
1048 2312 1208 2381 Ovidium
1243 2313 1420 2381 Manilium
1456 2315 1498 2381 ab

321 2420 450 2490 Aetnae
465 2429 599 2489 auctore
616 2421 786 2488 adhibitos
802 2439 886 2500 esse,
913 2440 988 2487 cum
1006 2439 1048 2489 eo
1070 2421 1179 2488 facere
1204 2439 1274 2488 non
1299 2440 1498 2507 possumus;

323 2548 455 2596 carmen
481 2529 570 2595 enim
597 2536 673 2614 post
696 2549 726 2595 a.
752 2521 795 2595 17
813 2549 845 2615 p.
869 2529 944 2596 Chr.
971 2549 1003 2596 n.
1029 2528 1213 2609 conditum,
1244 2547 1313 2615 quo
1338 2531 1500 2615 agebatur

323 2638 365 2704 de
405 2636 523 2703 eadem
565 2638 710 2716 materia,
753 2653 853 2721 quam
896 2637 1125 2704 Cordubensis
1160 2636 1214 2704 ille
1254 2638 1306 2704 bis
1341 2639 1498 2717 tractavit,

327 2745 486 2829 ignotum
496 2744 603 2811 luisse
620 2745 661 2824 ei,
686 2763 787 2830 quem
805 2763 928 2812 novem
946 2745 1043 2812 annis
1061 2751 1138 2831 post
1154 2745 1313 2812 volumen
1339 2744 1392 2810 de·
1405 2753 1498 2812 motu

322 2859 478 2918 terrarum
504 2851 649 2918 edidisse
679 2869 719 2918 ex
743 2852 818 2936 ipso
843 2852 1035 2936 accepimus
1046 2849 1080 2936 ¹),
1111 2851 1187 2936 quis
1211 2857 1261 2918 est
1285 2852 1341 2936 qui
1367 2853 1499 2920 credat?

321 2958 444 3025 Verum
476 2960 514 3024 si.
544 2959 675 3026 libellus
711 2959 794 3024 inter
822 2975 949 3024 annum
978 2958 1028 3038 17,
1064 2977 1133 3044 quo
1169 2959 1365 3026 vicesimum
1392 2979 1497 3027 unum
1535 2953 1536 2958 ’

323 3059 449 3132 arinum
468 3065 596 3132 Seneca
621 3066 752 3150 agebat,
777 3072 809 3132 et
833 3085 861 3132 a.
879 3063 969 3145 olla,
995 3083 1063 3150 quo
1080 3065 1256 3132 Naturales
1273 3065 1499 3146 Quaestiones

317 3172 528 3260 composuit,
566 3180 663 3241 natus
693 3178 790 3252 esset,
827 3179 912 3239 certe
938 3172 1144 3258 philosopho
1175 3173 1377 3241 innotuisset
1400 3181 1432 3241 et
1456 3175 1498 3241 ab

325 3300 368 3349 eo
392 3280 547 3348 laudatus
570 3280 622 3347 vel
647 3288 930 3349 commemoratus
955 3287 1051 3348 esset.
1086 3279 1128 3347 At
1152 3300 1227 3347 cum
1253 3300 1330 3348 eum
1357 3281 1497 3365 ignoret,

315 3388 588 3473 disceptationes
617 3388 689 3454 illas
719 3395 795 3455 ante
825 3406 957 3454 carmen
988 3387 1159 3455 devAetna
1189 3395 1304 3456 monte
1329 3388 1499 3456 coniectas

326 3514 400 3564 esse
425 3496 697 3563 concludendum
723 3504 782 3562 est.

431 3603 524 3670 Haec
547 3603 802 3687 argumentatio,
829 3610 863 3669 ut
880 3603 961 3668 mihi
979 3603 1115 3687 quidem
1140 3603 1278 3685 videtur,
1303 3605 1402 3670 etiam
1427 3612 1498 3671 tum

323 3711 457 3790 valeret,
485 3711 512 3776 si
542 3710 777 3780 similitudines
807 3711 950 3778 maiores
985 3711 1155 3796 utriusque
1184 3712 1295 3797 scripti
1328 3712 1498 3792 deessent;

313 3817 513 3903 gaudemus
536 3825 659 3896 tamen,
684 3817 778 3902 quod
794 3836 864 3885 non
889 3837 961 3886 raro
979 3819 1197 3904 congruentia
1222 3837 1297 3886 cum
1322 3819 1498 3888 verborum

323 3932 394 3994 tum
419 3925 656 3992 sententiarum
682 3925 854 4010 detegitur.
880 3926 991 4008 Quam
1010 3928 1069 4011 qui
1084 3934 1161 4012 post
1177 3926 1341 3994 Senecam
1366 3945 1498 3994 carmen

314 4033 482 4117 scriptum
507 4049 581 4099 esse
613 4039 748 4116 negant,
774 4051 813 4103 ea
844 4052 876 4100 re
901 4035 1062 4100 removeri
1093 4052 1195 4118 posse
1226 4041 1374 4113 censent,
1407 4035 1499 4119 quod

324 4139 446 4206 eodem
463 4139 557 4207 tonte
575 4140 620 4205 uti
638 4146 790 4212 auctores
808 4140 932 4207 dicunt.
962 4140 1004 4208 llt
1020 4160 1060 4208 ex
1082 4141 1130 4208 eis
1146 4141 1280 4225 Wagler
1296 4141 1342 4227 (p,
1356 4140 1413 4227 61)
1431 4143 1499 4208 iure
1530 4155 1532 4162 ·

325 4248 406 4315 mihi
430 4246 560 4315 videtur
584 4248 804 4330 quaesivisse:
830 4266 980 4333 quonam
1006 4266 1046 4315 ex
1061 4249 1175 4315 fonte?
1199 4248 1318 4334 Neque
1342 4250 1432 4316 enim
1457 4250 1499 4316 de

325 4353 445 4422 eodem
471 4354 564 4421 fonte
589 4372 698 4420 sermo
724 4372 797 4420 esse
823 4361 942 4439 potest.
984 4356 1058 4424 lioc
1083 4356 1147 4421 iam
1173 4355 1251 4422 inde
1276 4356 1500 4442 elucet-quod

325 4461 488 4528 diversam
526 4462 696 4527 materiam
734 4462 910 4546 scriptores
933 4469 1082 4542 tractant,
1118 4481 1193 4529 cum
1230 4464 1311 4531 alter
1338 4464 1499 4532 demota

431 4674 454 4748 ¹)
465 4672 507 4748 ιΝ.
528 4672 582 4743 Qu.
602 4674 644 4732 VI
657 4674 681 4730 4.
