3558 5458
806 472 1028 543 ...41-

321 695 497 774 terrarum,
527 691 615 760 ulter
644 689 691 760 ‘de
727 689 858 778 ignium
881 682 1118 762 Aetnaeorum
1144 689 1324 778 eruptione
1354 688 1508 770 disserat;
1567 757 1570 764 .

329 809 496 888 praeterea
511 801 758 869 sententiarum
766 799 991 886 discrepantia
1000 801 1179 868 *crimmum
1198 819 1276 868 nam
1290 817 1366 867 cum
1378 797 1508 866 Seneca

320 916 634 978 terraetraoroaem
659 909 784 994 spirituw
801 909 836 975 in
852 909 1006 976 oeternis
1021 909 1222 993 ingentibus
1238 909 1404 994 concepto
1415 904 1509 974 'attici
1621 989 1627 994 ,

321 1017 604 1102 arsamosata
626 1015 788 1097 (leaenis
810 1023 940 1084 tantum
966 1023 998 1084 et
1020 999 1422 1101 iora'niinibirs'loq'ditur,
1451 1033 1510 1100 per

317 1137 416 1210 'quae
441 1118 774 1210 ounant'ventisstct.
801 1123 1107 1210 malsono).
1155 1123 1275 1204 Quare
1296 1109 1512 1208 quamquam

329 1230 478 1302 Senecae
503 1227 783 1317 disceptationem
807 1231 851 1297 ad
875 1232 977 1298 alium
1006 1221 1207 1298 auctorem
1232 1231 1385 1298 recedere
1410 1238 1509 1315 atque

328 1337 470 1406 Aetnam
492 1346 565 1408 'non
591 1339 760 1424 probatur,
784 1346 899 1405 tamon
925 1355 997 1404 non
1022 1338 1168 1405 eundem
1187 1339 1316 1424 physici
1333 1337 1508 1405 cuiusdam
1566 1395 1569 1404 ,

328 1485 372 1493 -
396 1447 466 1513 sive
495 1447 523 1512 is
551 1439 773 1512 Posidonius-²
788 1447 858 1512 sive
882 1444 1144 1531 Asclepiodotus
1168 1453 1285 1512 este-
1308 1446 1452 1512 librum
1478 1452 1510 1512 et

321 1552 478 1624 Senecae
522 1561 554 1620 et
580 1552 776 1639 scriptoris,
821 1571 925 1638 quem·
966 1560 1155 1632 tractamus,
1198 1553 1369 1638 exemplar
1404 1552 1509 1619 luisse

330 1668 476 1750 apparet.
524 1661 644 1745 ltaque
672 1661 729 1744 qui
766 1659 1003 1727 similitudines
1037 1643 1139 1727 ionte'
1165 1657 1316 1727 adhibito
1347 1660 1509 1746 explicare

324 1765 467 1848 totone·
494 1775 527 1835 et
560 1766 727 1835 Senecam
759 1774 998 1853 auctoremque
1024 1759 1159 1835 *Aetnae
1176 1767 1438 1834 ‘accurati-ssime
1474 1786 1509 1834 se

321 1875 373 1942 ad
405 1875 644 1960 exemplarium
673 1875 998 1960 verba'appllca‘sse
1034 1882 1067 1941 et
1084 1876 1207 1955 libros,
1242 1894 1261 1941 e
1290 1876 1414 1960 quibus
1449 1893 1509 1941 sua

331 1984 523 2062 hauserunt,
559 1988 740 2068 tantopere
757 1984 848 2050 inter
865 1995 901 2049 se
916 1983 1140 2050 ‘consensisse
1156 1997 1291 2068 'ponere
1306 1971 1511 2062 rdebent,'⁷'ut

331 2090 472 2175 scriptor
496 2089 550 2157 ille
567 2089 716 2157 Graecus
740 2109 783 2183 se
800 2091 1102 2176 ipsumrespicere.
1114 2090 1293 2168 videretur;
1306 2089 1412 2174 ‘quod
1424 2089 1527 2156 'mihi

331 2197 467 2282 quidem
492 2199 640 2282 speciem
666 2197 908 2283 probabilitatis
933 2215 1011 2282 prae
1036 2217 1072 2264 se
1097 2197 1178 2264 lerre
1202 2215 1273 2264 non
1297 2196 1436 2264 videtur.

438 2303 506 2370 Sed
530 2305 773 2388 quaesiverit'a
797 2323 851 2370 me
875 2304 1058 2388 quispiam:
1084 2323 1169 2390 quas
1186 2305 1322 2370 maioris
1347 2304 1510 2369 momenti

334 2411 571 2478 similitudines
596 2410 769 2477 detexisti?
814 2411 888 2477 Jam
914 2411 1071 2478 accedam
1099 2411 1141 2477 ad
1167 2413 1254 2477 hanc
1277 2411 1510 2495 quaestionem

332 2537 439 2603 saepe
458 2518 652 2585 institutam.
678 2516 748 2585 'Ac
771 2519 866 2585 locos
886 2519 1063 2604 utriusque
1087 2519 1266 2603 scriptoris,
1293 2519 1350 2602 qui
1374 2507 1511 2603 compa-

333 2625 426 2696 randi
444 2632 532 2704 sunt,
557 2625 691 2693 lacobo‘
704 2625 873 2694 Munrone
898 2626 971 2692 aliis
989 2625 1227 2713 praeeuntibus
1247 2625 1532 2711 composuerunt·

320 2732 466 2816 'Wagler
510 2733 545 2798 in
584 2725 818 2800 dissertatione
836 2726 886 2800 '‘et
924 2732 1083 2799 Sudhaus
1123 2734 1157 2798 in
1197 2733 1439 2798 commentario
1479 2737 1540 2799 et'·

333 2840 521 2925 nuperrime
538 2838 667 2906 fierclre
692 2840 725 2905 irr
743 2841 945 2928 testimoniis
969 2839 1012 2906 ad
1036 2840 1244 2907 Naturalium
1262 2837 1510 2918 Quaestionum
1526 2847 1546 2860 ‘¹

334 2945 552 3032 editioneml)
576 2944 713 3025 additis·
739 2928 796 3013 ubi
821 2946 1098 3014 similitudinibus
1118 2954 1219 3013 antea
1244 2939 1416 3031 patefactis
1440 2955 1510 3014 no'n

333 3070 459 3138 paucae
484 3053 526 3120 ab
552 3053 678 3120 editore
702 3054 851 3122 adiectae
871 3061 963 3120 sunt.
1381 3077 1385 3084 ·
1487 3079 1491 3088 ¹

441 3159 686 3227 Similitudines
718 3165 840 3240 autem,
877 3179 963 3245 quae
999 3167 1185 3239 occurrunt,
1222 3179 1291 3227 non
1328 3161 1438 3228 solum
1467 3163 1524 3228 ad'

334 3267 519 3335 doctrinam
545 3268 770 3352 geologicam,
807 3268 1001 3335 sedetiam·
1028 3267 1070 3334 ad
1095 3274 1220 3334 ceteras
1255 3270 1438 3336 sententias
1469 3270 1510 3337 ab

332 3374 460 3443 Aetnae
484 3376 618 3442 auctore
634 3375 788 3460 *prolatas
813 3377 989 3461 pertinent.
1037 3375 1183 3460 Uterque
1208 3376 1297 3443 enim
1323 3377 1357 3443 irr
1382 3382 1511 3460 poetas,

334 3485 391 3570 qui
413 3484 593 3550 inferorum
613 3483 993 3551 linxerunt'lormidines
1010 3483 1184 3562 invehitur,
1210 3490 1348 3568 uterque
1361 3482 1512 3566 ¹fragores

334 3601 366 3660 et
397 3599 511 3660 motus
539 3591 679 3658 deorum
710 3609 797 3675 opus
827 3609 896 3656 non
928 3608 1002 3658 esse
1026 3589 1183 3668 affirmat3
1219 3598 1357 3675 uterque
1382 3591 1511 3657 homini

336 3699 505 3786 praecipit,
543 3706 578 3765 ut
607 3704 792 3781 cognoscat
823 3703 973 3764 naturam
1000 3716 1094 3777 neve,
1131 3698 1209 3782 quia
1228 3697 1336 3765 solita
1360 3698 1436 3777 sint,
1473 3717 1511 3764 ea

334 3814 488 3886 transeat,
525 3823 611 3890 quae
648 3811 724 3870 ante
760 3804 865 3891 pedes
900 3805 975 3871 sint.
1027 3804 1151 3872 Animo
1185 3811 1296 3871 autem
1333 3823 1397 3872 nos
1426 3807 1513 3872 hanc

336 3922 486 3982 naturam
527 3911 745 3996 contemplari
786 3911 917 3991 debere,
958 3931 1028 3978 non
1068 3906 1176 3978 oculis
1215 3920 1398 3998 exponunt.
1461 3913 1512 3980 Ne

335 4040 555 4107 pavescamus
567 4019 611 4087 ad
627 4018 804 4103 fragorem,
822 4018 1058 4102 inquirendum
1077 4038 1152 4086 esse
1169 4021 1203 4086 in
1221 4039 1354 4098 causas;
1372 4019 1512 4086 timendi

335 4130 424 4195 enim
455 4147 591 4196 causam
617 4145 690 4194 esse
723 4126 850 4193 nescire
874 4124 1003 4192 Seneca
1036 4127 1124 4194 dicit.
1172 4127 1318 4212 Uterque
1343 4127 1511 4194 avaritiam

335 4237 474 4320 castigat
498 4244 529 4303 et
557 4237 658 4320 langa
687 4253 746 4320 per
775 4234 875 4300 maria
908 4240 1085 4320 terrasque.
1107 4234 1223 4300 itinera
1252 4235 1379 4301 inutilia
1403 4233 1511 4313 ducit;

336 4363 398 4411 nec
422 4345 535 4411 minus
558 4343 759 4426 astrologiae
784 4360 925 4426 operam·
948 4342 1137 4409 navandam
1163 4361 1237 4410 esse
1263 4350 1385 4410 censet.

420 4476 424 4483 .
504 4475 515 4483 ,.
878 4457 879 4462 ’
942 4467 955 4476 Α»
1016 4478 1018 4480 .
1220 4463 1230 4482 n
1280 4453 1298 4480 ’ἡ

442 4574 465 4646 ¹)
484 4573 580 4630 Editio
605 4575 691 4648 (Bibl.
715 4575 826 4632 Teubn.
852 4575 934 4648 1907)
958 4565 1045 4632 etiam
1069 4547 1163 4631 indice
1188 4575 1291 4628 horum
1315 4555 1446 4630 locorum
1471 4574 1513 4644 in-

335 4668 446 4724 structa
465 4669 518 4722 est.
