3558 5458
745 468 967 540 -19-

267 705 354 776 quae
371 686 499 776 optime
516 685 715 774 dixit'poeta
731 684 948 781 Mantuanus,
973 695 1008 755 ut
1025 686 1217 774 prodigium
1237 684 1445 768 describeret,

268 797 361 882 quod
386 795 527 864 Caesare
560 795 731 862 interiecto
761 794 894 874 accidit;
911 778 975 862 ¹'sol
993 797 1083 864 enim
1106 814 1164 883 per
1185 801 1291 864 totum
1318 814 1444 863 annum

268 904 351 971 miro
375 902 480 970 modo
505 902 629 989 pallida
654 908 731 982 crat,
757 921 832 969 cum
859 903 982 970 nebula
1007 905 1247 970 obscuraretur.
1282 901 1394 984 Quare
1418 903 1446 969 si

268 1029 415 1097 unquam
443 1011 484 1078 dc
502 1010 637 1077 duobus
654 1010 737 1077 locis
754 1011 920 1076 similibus
936 1029 1025 1090 eum,
1051 1010 1108 1096 qui
1125 1011 1309 1096 simplicior
1325 1011 1446 1097 aptior-

268 1137 333 1204 que
357 1120 399 1186 sit
415 1125 447 1185 et
463 1117 593 1185 facilius
610 1117 837 1204 perspiciatur,
863 1118 954 1210 prius
971 1119 1128 1204 scriptum
1150 1136 1224 1185 esse
1248 1117 1446 1198 iudicamus,

270 1227 322 1292 bic
346 1245 533 1293 asseverare
548 1226 626 1293 licet
640 1224 768 1293 Aetnae
786 1213 955 1293 auciorem
972 1225 1156 1310 Vergilium
1179 1227 1343 1294 imitatum
1362 1244 1446 1293 esse.

327 1343 329 1349 '
373 1332 551 1400 Jam‘vero
576 1335 640 1400 hos
664 1333 760 1400 locos
777 1333 1005 1419 inspiciamus,
1030 1333 1088 1419 qui
1113 1334 1197 1400 inter
1220 1352 1256 1400 se
1281 1332 1447 1418 quodam-

268 1440 372 1532 modo
398 1442 575 1508 cohaerere
601 1441 683 1507 milri
708 1440 845 1526 quidem
869 1441 1047 1509 videntur:-

394 1546 453 1615 Αε.
471 1549 531 1615 361
561 1547 733 1614 admontis
750 1552 865 1629 partes
889 1551 963 1614 atro
986 1548 1152 1614 subvectat
1174 1569 1285 1613 onena.

340 1655 381 1722 G.
407 1655 442 1722 lll
466 1655 526 1721 241
555 1654 749 1738 clipeumque
772 1655 838 1720 alte
860 1654 1021 1731 subiectat
1043 1676 1154 1720 arena.
1515 1725 1516 1728 ,

269 1762 418 1830 Occurrit
441 1781 558 1829 versus
581 1763 793 1847 Vergilianus
823 1764 856 1829 in
882 1781 920 1830 ea
945 1761 1188 1848 Georgicorum
1214 1770 1316 1849 parte,
1343 1781 1451 1848 quam

270 1870 301 1956 (a
338 1891 369 1937 v.
407 1868 487 1955 229)
542 1869 713 1936 Lucanum
769 1868 910 1937 Statium
965 1868 1084 1936 Silium
1139 1870 1320 1937 admiratos
1373 1888 1447 1936 esse

270 1985 409 2047 constat.
457 1977 502 2044 lbi
533 1984 657 2057 auctor,
688 1995 763 2044 cunr
789 1976 831 2044 de
854 1977 1188 2064 taurorumproeliis
1216 1979 1316 2045 verba
1340 1977 1447 2056 iaciat,

269 2086 351 2176 tauri
366 2087 530 2171 impetum
549 2102 624 2150 cum
644 2085 777 2151 incursu
795 2085 881 2152 imae
898 2084 1011 2157 undae
1027 2085 1206 2176 verticibus
1223 2085 1448 2152 exaestuantis

270 2200 302 2260 et
325 2211 459 2259 arenam
485 2193 703 2258 subiectantis
720 2200 901 2277 comparat.
943 2193 1035 2260 llaec
1056 2193 1171 2259 omnia
1189 2191 1334 2260 dilucida
1359 2198 1447 2270 sunt,

272 2318 381 2386 neque
428 2300 540 2366 minus
587 2306 663 2383 apte
710 2318 749 2366 ea
794 2299 880 2368 dicta
923 2307 1010 2379 sunt,
1055 2319 1141 2385 quae
1185 2299 1266 2366 alter
1304 2299 1447 2378 exhibet,

270 2408 328 2493 qui
353 2407 539 2474 animarum
565 2407 727 2492 impetum
753 2407 850 2491 ignes
875 2412 906 2474 et
930 2426 1008 2473 saxa
1033 2414 1100 2474 atra
1130 2427 1229 2475 arena
1253 2407 1448 2474 subvectare

271 2514 413 2600 expedit.
469 2503 632 2581 Videmus
665 2521 787 2594 autem,
822 2534 1028 2601 quamquam
1063 2522 1184 2601 poetae
1215 2534 1251 2582 se
1286 2514 1448 2600 respicere

240 2621 432 2700 ‘videntum
456 2622 593 2689 alterum
618 2622 750 2689 alterius
771 2623 870 2690 verba
895 2623 1011 2690 leniter
1035 2630 1172 2702 mutare,
1197 2641 1272 2690 cum
1299 2622 1352 2688 hic
1375 2619 1448 2684 sob-

269 2733 382 2809 rreelat,
412 2728 465 2795 illc
494 2726 653 2794 subiectat
680 2731 846 2815 praebeat.
894 2729 1022 2798 Ponere
1051 2731 1147 2798 liceat
1174 2731 1350 2798 Maronem
1376 2727 1448 2793 imi-

270 2843 409 2904 tatorem
448 2836 568 2902 luisse:
616 2855 702 2922 quae
750 2837 780 2904 ei
824 2836 885 2905 luit
931 2857 1032 2906 causa
1079 2837 1252 2905 mutandi?
1313 2835 1448 2901 Nullam

272 2944 528 3028 cognoscimus;
559 2963 668 3030 neque
699 2945 789 3011 enim
820 2946 853 3011 in
883 2946 955 3012 eius
984 2947 1183 3014 sententiam
1208 2946 1347 3013 verbum
1377 2940 1451 3006 sub-

270 3055 373 3116 vectui
397 3052 508 3117 minus
525 3051 720 3136 quadrasset
744 3041 891 3139 (luerunt
914 3054 971 3138 qui
997 3055 1040 3120 ita
1060 3054 1202 3122 scribere
1219 3054 1352 3132 vellent,
1379 3067 1450 3116 non

271 3157 369 3244 iure);
414 3158 541 3226 Aetnae
586 3166 697 3226 autem
739 3167 853 3246 poeta,
894 3161 921 3227 si
967 3161 1000 3227 in
1042 3161 1222 3248 exemplari
1267 3177 1329 3228 suo
1370 3157 1452 3241 legit

271 3264 437 3344 subiectat,
463 3273 588 3334 mutare
614 3255 843 3348 coactus'erdt
869 3287 944 3335 cum
971 3270 1000 3335 el
1026 3270 1193 3336 inanimo
1218 3274 1307 3336 essct
1331 3265 1451 3350 depin-

272 3391 349 3456 gere
373 3392 508 3440 arenam
533 3381 645 3454 atram,
677 3394 762 3461 quae
787 3375 942 3444 faucibus
966 3377 1151 3456 elideretur,
1181 3396 1261 3443 saxa
1288 3374 1371 3440 ferre
1396 3370 1451 3456 (cl.

272 3499 394 3547 comm.
424 3479 529 3548 Sudlr.
559 3501 591 3568 p.
614 3481 699 3568 158).
746 3481 884 3570 Scripsit
915 3485 1014 3569 igitur
1047 3484 1214 3550 srrboeolol
1246 3482 1342 3569 quasi
1372 3498 1453 3568 saxa

271 3588 426 3655 vehiculo
451 3607 571 3657 arenae
601 3591 731 3657 sublata
761 3592 795 3656 in
820 3593 922 3658 altum
947 3592 1159 3671 veherentur;
1189 3609 1291 3678 quare
1316 3589 1345 3654 si
1369 3590 1454 3655 haec

272 3702 357 3762 recte
397 3694 664 3776 deliberavimus,
705 3697 844 3765 tortasse
884 3699 1046 3766 allirmare
1091 3701 1168 3766 licet
1206 3697 1454 3780 Georgicorum

272 3821 403 3869 versum
428 3810 506 3870 ante
529 3802 761 3871 Aetnaeanum
786 3805 889 3872 videri
914 3825 988 3874 esse
1012 3808 1200 3874 conditum.

379 3910 448 3978 Sed
472 3913 536 3978 iam
555 3911 859 3980 considerationem
881 3915 1097 3983 intendamus
1122 3915 1155 3980 in
1181 3916 1271 3982 illam
1298 3912 1456 3979 carminis

208 4071 214 4090 .
272 4019 476 4104 particulam,
503 4039 568 4104 qua
594 4018 635 4086 dc
653 4021 849 4104 agricultura
867 4029 968 4107 poeta
992 4024 1142 4107 loquitur
1166 4021 1231 4109 (vv.
1250 4019 1455 4105 aot-272).

272 4125 350 4206 Qui,
385 4145 485 4210 quam
516 4128 630 4194 acriter
659 4129 692 4192 in
723 4128 808 4195 hanc
843 4148 913 4198 rem
942 4131 1127 4208 invehatur,
1161 4129 1353 4216 inspexerit,
1383 4145 1457 4211 per·

273 4251 409 4299 suasum
436 4234 572 4300 habebit
596 4235 626 4300 ei
651 4253 718 4300 rem
745 4253 814 4302 non
837 4236 950 4304 solum
976 4255 1050 4303 esse
1068 4254 1144 4304 cum
1171 4253 1328 4321 agrorum
1355 4233 1458 4314 cultu,

272 4340 455 4407 sedetiam
481 4360 557 4407 cum
582 4359 623 4408 eo
649 4341 759 4427 scripti
784 4363 920 4428 genere,
946 4363 1014 4431 quo
1040 4344 1094 4412 hic
1112 4344 1351 4411 celebrabatur.
1377 4339 1459 4422 Quo

272 4448 435 4515 arbitraris
453 4448 535 4514 lraec
551 4449 615 4515 tela
633 4447 701 4515 dari
719 4450 782 4517 nisi
800 4452 834 4519 in
853 4450 978 4537 Vergili
996 4447 1188 4534 Georgica?
1216 4449 1326 4533 Atque
1344 4454 1461 4515 auctor

273 4553 345 4640 ipse
376 4556 442 4623 boc
472 4555 639 4637 indicavit,
671 4575 746 4624 cum
778 4559 820 4625 ad
855 4551 973 4628 verba
991 4558 1238 4644 Georgicorum
1274 4554 1460 4642 adluderet,

273 4660 366 4750 quod
395 4681 435 4731 ex
469 4661 634 4751 lllzingeri
671 4664 779 4735 indice
803 4665 902 4736 facile
928 4668 1110 4739 cernimus:
1152 4667 1244 4754 apud
1280 4670 1461 4748 utrumque

1262 4771 1296 4828 2*
