3558 5458
777 538 821 550 ....
866 499 910 569 39
931 538 998 612 „-

324 714 367 784 88
381 711 483 801 [vates
507 713 640 804 norunt]
666 765 673 782 .
700 767 706 783 .
912 714 1050 784 Phaedr.
1068 715 1133 783 274
1156 715 1214 804 (de
1238 717 1366 804 amore)
1391 717 1476 787 iniret

381 823 536 909 coningio
565 827 596 888 et
620 823 709 900 inico
740 824 888 906 quotiens
977 845 1112 910 strperos
1133 823 1276 911 vultibus
1296 825 1393 908 salsis
1417 825 1475 894 ito·

413 930 472 996 aab
495 919 641 1016 imoyino
658 934 765 1016 peccet
965 929 1082 998 ¹in'tore
1104 935 1210 1000 terror

387 1037 519 1105 Tauros
536 1038 574 1104 in
591 1037 759 1122 Europen,
776 1039 815 1106 in
828 1037 889 1106 Lo·
913 1037 980 1108 300
991 1057 1041 1125 sq.
1067 1039 1136 1124 ipso
1159 1040 1217 1124 qni
1236 1037 1361 1108 caetum
1375 1039 1476 1110 nebu·

413 1145 490 1213 ἀαηι
514 1146 677 1214 condidus
699 1145 767 1214 ater
822 1201 835 1214 ,.
978 1145 1092 1231 larque
1114 1147 1213 1230 ducit,

484 1274 488 1284 ·
934 1255 1097 1323 candidos
1108 1254 1279 1324 olesmodo
1293 1257 1476 1326 monitorias

325 1361 368 1428 94
382 1370 583 1444 oscinumque
605 1361 783 1429 immensus
805 1381 838 1429 oo
881 1421 883 1426 .
912 1361 954 1428 Η.
977 1359 1053 1430 Oet.
1079 1364 1101 1428 4
1125 1383 1328 1448 natantemque
1350 1364 1477 1433 Nereos
1584 1429 1588 1438 .

361 1475 487 1537 'terroe
504 1469 650 1554 porriqii
671 1468 759 1536 orbis
980 1475 1085 1538 terroe
1102 1471 1234 1558 porriyi
1256 1476 1340 1540 octat

307 1577 368 1642 112
382 1581 410 1644 et
427 1575 563 1663 finiens
584 1577 720 1646 molinet
742 1577 803 1644 iter
916 1575 1002 1644 Oed.
1024 1578 1108 1645 1019
1131 1577 1269 1646 luminis
1291 1579 1389 1648 orion
1410 1601 1475 1648 mo·

978 1684 1059 1754 litor
1080 1685 1142 1754 iter
1194 1675 1196 1680 ¹

303 1791 368 1859 205
382 1790 544 1880 [iuppiter
567 1799 721 1860 metuens
740 1791 887 1880 fingitur]
913 1793 955 1858 H.
973 1790 1048 1862 Oet
1069 1794 1148 1859 1141
1178 1793 1306 1881 [iovem
1329 1801 1475 1864 metuere

980 1900 1140 1968 Hercules
1164 1901 1266 1990 iubet]

381 2059 389 2077 .
407 2029 508 2078 meae
518 2009 645 2094 septdio
661 2008 889 2094 novisuryont
935 2007 1060 2076 introiit
1076 2009 1143 2076 oiri
1158 2012 1299 2079 cornerio
1317 2010 1384 2078 inm
1407 2010 1476 2078 inm

415 2115 454 2183 in
478 2115 560 2184 troilo
581 2117 731 2203 oiyontoo
970 2115 1065 2200 soros

382 2244 447 2291 nete
459 2222 570 2290 Ditem
581 2223 676 2309 renni
687 2223 812 2308 pudeat
825 2243 892 2290 neu
938 2221 1247 2307 Pinionsnporbno,
1272 2223 1405 2292 vinculo
1422 2245 1475 2291 ooo·

372 2383 375 2392 ,
418 2327 561 2398 Tartaro
583 2331 670 2398 coelo
980 2331 1077 2398 ontio!
1094 2331 1189 2416 patri

353 2493 355 2498 ,
379 2442 482 2506 oortoi
505 2438 543 2506 in
568 2437 689 2505 ocntiio
896 2479 910 2506 ,-
934 2437 1121 2521 coelumque
1145 2438 1256 2506 reddat
1277 2488 1285 2504 .
1307 2488 1316 2506 .
1339 2490 1347 2508 .
1367 2442 1479 2524 tornet

875 2623 878 2630 ¹
977 2544 1164 2612 Enceladus
1185 2544 1281 2630 ferox

913 2653 995 2740 Thy.
1003 2652 1068 2720 805
1081 2691 1124 2702 -
1138 2652 1221 2721 bello
1230 2654 1476 2741 oiqonieofiel.)

302 2761 543 2828 233-aidero
567 2765 708 2829 currant
730 2761 764 2848 (i.
789 2761 845 2846 cl.)
913 2761 1043 2828 Phaidr.
1061 2761 1122 2828 331
1142 2799 1186 2810 -
1204 2763 1314 2830 sidero
1337 2767 1479 2830 currunt

395 2910 397 2916 v
978 2869 1084 2956 (i.c1.)
1183 2945 1185 2950 .

302 2977 367 3044 574
391 2977 604 3065 [Thebarum]
629 2978 759 3045 moenio
782 3027 790 3044 .
817 3028 823 3043 .
851 3028 858 3044 .
913 2977 954 3044 H.
973 2976 1008 3043 F.
1022 2977 1087 3044 266
1106 2979 1475 3064 otriuoquomutosono·

380 3107 464 3169 quoe
485 3087 621 3169 fratres,
655 3085 711 3152 iile
740 3086 889 3172 impiam,
981 3090 1033 3152 tus
1055 3085 1222 3172 Amphion
1244 3085 1324 3153 Jove
1429 3079 1440 3099 ⁰

381 3193 435 3260 illo
458 3213 601 3260 canoras
936 3195 1034 3259 strttit
1057 3213 1179 3261 canoro
1202 3214 1286 3261 sono
1309 3193 1475 3263 modulatu

379 3303 517 3369 condere
980 3301 1123 3384 innitent,

302 3409 366 3477 577
379 3410 520 3477 invitato
540 3411 610 3493 piis
632 3432 724 3479 necno
743 3411 891 3478 carmine
935 3411 992 3478 soti
1014 3415 1205 3480 convocatos
1227 3409 1314 3478 voris
1331 3409 1477 3478 411111111-
1589 3469 1591 3474 ,

379 3539 463 3584 sono
486 3517 625 3603 lyrootto
978 3539 1037 3585 roo
1058 3537 1136 3586 sono
1186 3541 1190 3550 ¹

930 3647 992 3710 por
1015 3647 1048 3692 so
1070 3626 1139 3712 ipso
1160 3646 1305 3694 summos
1327 3626 1478 3696 venitin

978 3739 1085 3801 turres
1107 3733 1202 3818 lapis.
1310 3791 1311 3796 ,

408 3841 492 3910 Inter
527 3842 591 3908 hos
626 3842 721 3909 locos
756 3841 939 3910 similitudo
969 3842 1113 3910 maxima
1148 3859 1187 3908 ea
1216 3848 1275 3921 est,
1311 3859 1398 3926 quae
1434 3842 1476 3908 ad

301 3947 428 4017 Aetnae
456 3970 486 4017 v.
504 3951 547 4017 94
571 3951 727 4035 pertinen
759 3967 828 4016 non
858 3950 968 4018 solum
993 3949 1092 4017 verba
1124 3950 1167 4016 ita
1192 3951 1416 4030 consentiunt,
1442 3958 1478 4018 nt

302 4058 438 4124 alterum
476 4059 609 4125 alterius
632 4075 764 4125 versum
801 4059 834 4124 in
859 4057 950 4123 alind
986 4063 1125 4124 metrum
1163 4057 1333 4142 redegisse
1368 4075 1476 4143 paene

302 4165 450 4245 dixerim,
486 4165 546 4232 sed
582 4167 681 4233 etiam
718 4165 861 4232 similem
898 4166 1009 4232 locum
1045 4182 1160 4231 versus
1196 4165 1359 4246 obtinent,
1399 4184 1475 4232 cum

301 4291 416 4340 versus
445 4273 498 4340 ille
524 4274 654 4341 initium
679 4274 752 4340 eins
774 4272 902 4341 Aetnae
927 4273 1027 4357 partis
1051 4271 1183 4352 efficiat,
1214 4290 1280 4357 qua
1305 4273 1475 4341 materiam

302 4399 396 4447 suam
427 4381 587 4448 disserere
608 4389 735 4448 auctor
762 4381 883 4467 coepit,
913 4379 1047 4447 alterius
1071 4386 1182 4446 autem
1207 4379 1416 4447 enuntiatum
1441 4381 1475 4448 in

302 4489 417 4572 primis
440 4487 574 4556 fabulae
590 4489 741 4556 versibus
758 4497 871 4556 exstet.
905 4487 1065 4555 Eiusdem
1082 4487 1215 4554 tabulae
1232 4506 1363 4556 versum
1392 4489 1471 4555 1141

301 4593 345 4662 ad
369 4593 495 4662 Aetnae
529 4595 594 4662 205
612 4615 685 4682 sqq.
715 4596 883 4675 adnotavi,
924 4613 994 4662 non
1027 4595 1120 4681 quod
1154 4595 1255 4663 verba
1285 4595 1474 4675 concinant,

303 4701 363 4772 sed
392 4701 486 4792 quod
516 4704 660 4791 cogitata
690 4703 780 4792 paria
809 4711 896 4773 sunt.
951 4702 1060 4774 Locos
1088 4699 1246 4773 laudatos
1273 4719 1476 4790 quamquam
