3558 5458
774 469 995 543 ...50-

294 703 432 774 parvum
469 683 648 756 elisionum
685 687 834 774 gmvium
872 689 1077 774 praeberent,
1114 685 1266 769 Ovidius,
1304 703 1371 776 qua
1405 693 1472 758 erat

294 795 470 879 elegantia,
508 797 568 862 bas
603 796 736 878 evitavit
771 803 803 862 et
838 814 1022 881 perpaucas
1058 793 1212 876 admisit;¹
1245 801 1345 881 atque
1382 798 1472 866 hunc

294 909 429 988 poetam
456 903 732 970 amoenissimum
757 903 917 969 Manilius
941 901 1207 971 iletnaeauctor
1222 903 1378 971 Lucanus
1402 923 1471 972 sec·

294 1011 351 1077 tati
378 1017 466 1089 sunt,
492 1010 552 1076 sed
577 1011 619 1077 ita
645 1017 680 1077 ut
697 1010 852 1090 Lucanus
869 1013 1099 1078 severissimus
1116 1020 1213 1079 esset.
1238 1012 1362 1098 Neque.
1380 1012 1472 1079 aliud

295 1116 455 1184 iudicium
487 1136 564 1185 eum
596 1119 736 1184 laturum
766 1137 840 1190 esse
866 1137 1061 1204 persuasum
1088 1121 1208 1198 habeo,
1238 1120 1295 1204 qui
1320 1120 1471 1186 animad-

294 1226 434 1304 verterit,
467 1226 625 1310 quotiens
650 1227 822 1311 aphaeresi
857 1226 908 1292 usi
927 1227 1005 1293 sint
1037 1234 1169 1312 poetae
1187 1227 1288 1293 latini.
1337 1226 1471 1309 Quam

294 1351 327 1398 re
352 1333 557 1400 simillimum
576 1340 744 1400 auctorem
763 1334 944 1418 cognoscis
962 1352 1035 1401 esse
1052 1331 1178 1402 Ouidio
1190 1351 1310 1420 ,neque
1331 1335 1471 1404 multum

295 1440 415 1506 abesse
439 1459 458 1506 a
480 1439 632 1519 Lucano;
657 1439 839 1526 aVergilio
865 1448 975 1508 autem
1000 1459 1101 1525 quarn
1127 1442 1271 1508 maxime
1296 1442 1471 1527 discrepat.

400 1547 475 1614 lam
502 1549 689 1615 monuerim
716 1547 757 1614 de
781 1549 911 1615 tabellis
931 1547 1100 1628 Eskucbii,
1126 1550 1183 1634 qui
1208 1548 1250 1615 de
1274 1548 1473 1616 elisionibus

296 1653 489 1721 ultimorum
525 1674 646 1722 versus,
681 1654 806 1740 pedum
847 1657 880 1722 in
918 1655 1006 1722 Mus.
1046 1654 1150 1723 Rhen.
1186 1655 1339 1723 disseruit
1376 1653 1474 1741 (XLV

295 1778 327 1847 p.
353 1760 418 1827 393
432 1761 534 1848 sqq.);
560 1764 687 1848 inspice
715 1781 877 1830 numeros
900 1765 942 1830 ab
969 1759 1011 1830 eo
1034 1764 1162 1843 allatos,
1189 1762 1356 1830 concedes
1373 1764 1471 1830 etiam

297 1867 365 1933 hac.
394 1870 521 1936 ratione
563 1869 711 1937 adhibita
746 1871 855 1955 magis
891 1871 1133 1956 posterioribus
1171 1890 1290 1956 quam.
1309 1871 1473 1956 prioribus

296 1977 506 2062 temporibus
527 1975 669 2043 Aetnam
693 1977 796 2043 videri
822 1977 1007 2044 conlectam
1033 1996 1136 2046 esse·
1260 2048 1263 2054 ,

408 2082 529 2163 Restat,
548 2091 583 2151 ut
599 2102 705 2170 pauca
723 2083 764 2151 de
783 2103 1071 2152 caesurarumusu
1084 2085 1271 2171 expediam.
1308 2085 1474 2171 Frequen-

298 2190 447 2256 tissimos
464 2208 538 2257 esse
555 2209 615 2258 eos
631 2210 756 2271 versus,
783 2192 815 2257 in
833 2193 956 2276 quibus
973 2193 1209 2278 semiquinaria
1227 2200 1352 2277 regnat,
1372 2212 1472 2262 nemo

295 2297 473 2364 mirabitur.
537 2297 624 2391 Huic
653 2317 808 2374 caesurae
838 2300 1020 2366 incisiones
1049 2299 1264 2366 subsidiarias
1294 2307 1351 2367 aut
1374 2302 1472 2367 semi-

295 2404 479 2486 quinariam
505 2411 562 2470 aut
585 2403 749 2471 diaeresin
774 2406 961 2472 bucolicam
985 2425 1070 2490 quae
1087 2413 1223 2474 vocatur
1239 2427 1258 2474 a
1275 2408 1385 2493 poetis
1407 2407 1473 2474 iere

294 2509 468 2576 adiunctas
504 2529 577 2578 esse
614 2517 731 2578 notum
769 2519 818 2578 est
853 2513 1013 2598 (exceptis
1043 2515 1224 2581 veterrimis
1249 2515 1358 2600 poetis
1382 2515 1472 2582 velut

295 2616 407 2682 Ennio
433 2623 466 2683 et
490 2617 627 2698 Lucilio,
652 2637 728 2685 cum
754 2621 877 2704 quibus
902 2620 1060 2687 Horatius
1085 2628 1116 2688 et
1140 2640 1181 2687 ex
1197 2628 1287 2706 parte
1305 2622 1474 2690 Lucretius

295 2725 527 2810 congruunt1).
575 2725 619 2791 illi
650 2744 787 2792 normae
817 2728 949 2812 plurimi
965 2725 1092 2794 Aetnae
1121 2746 1236 2804 versus
1257 2729 1473 2820 respondent.

294 2832 404 2898 Multo
439 2833 541 2899 rarius
577 2833 858 2918 penthemimeres
888 2853 963 2912 eum
990 2835 1154 2900 incisione
1179 2841 1256 2920 post
1280 2837 1473 2903 trochaeum

295 2946 447 3024 quartum
474 2940 623 3024 copulari
648 2941 788 3007 solebat.
847 2939 1033 3022 Quomodo
1058 2943 1183 3026 singuli
1209 2949 1329 3028 poetae
1354 2944 1393 3009 in
1413 2945 1475 3016 hac

294 3047 400 3113 iorma
417 3046 612 3132 usurpanda
630 3047 793 3128 differant,
817 3066 858 3114 err
876 3048 966 3115 hisce
983 3067 1187 3134 cognoscas:
1213 3050 1296 3116 inter
1312 3057 1474 3117 centenos

294 3172 410 3220 versus
427 3153 596 3221 Lucretius
618 3154 685 3241 (VI)
713 3155 741 3236 1,
754 3157 785 3235 6,
804 3154 920 3223 Cicero
937 3157 968 3235 0,
982 3156 1035 3236 28,
1055 3148 1203 3250 Catullus
1220 3157 1251 3236 0,
1264 3156 1295 3238 5,
1309 3157 1475 3242 Vergilius

294 3246 391 3331 (nen.
413 3261 468 3343 rvi
497 3262 528 3341 a,
547 3263 576 3342 r,
611 3261 941 3350 ovrrrusqnerm)
972 3263 1002 3344 5,
1022 3264 1053 3343 5,
1078 3265 1239 3330 nannius
1263 3263 1330 3350 (nr)
1355 3264 1385 3343 2,
1413 3263 1474 3331 nr-

295 3388 401 3460 canus
418 3441 420 3446 ,
435 3371 465 3449 4,
489 3368 616 3436 Aetnae
649 3378 764 3438 auctor
797 3370 851 3456 2²)
884 3390 1000 3437 versus
1024 3372 1067 3437 ita
1091 3370 1325 3438 formaverunt.
1373 3371 1476 3456 Vides

297 3478 392 3554 lruncw
424 3478 617 3562 scriptorem
655 3479 839 3546 Lucretium
878 3478 1074 3546 Ciceronem
1112 3478 1277 3555 Catullum
1308 3497 1475 3565 superare,

176 3659 177 3664 ,
297 3603 372 3651 cum
386 3584 528 3653 Manilio
544 3587 895 3671 consentire,Vergilio
907 3585 1031 3662 Ovidio
1044 3588 1178 3654 Lucano
1190 3587 1378 3655 inferiorem
1391 3605 1474 3656 esse.

406 3691 559 3762 Omnino
585 3699 704 3780 poetae
741 3695 833 3761 latini
868 3694 1039 3780 politiores
1064 3701 1230 3774 caverunt,
1265 3713 1307 3768 ne
1337 3695 1475 3778 penthe-

295 3799 459 3867 mimeren
491 3802 597 3868 solam
628 3801 669 3868 in¹
691 3821 788 3868 versu
818 3779 997 3886 ponerent;
1028 3803 1185 3888 quotiens
1216 3803 1281 3868 hoc
1310 3820 1380 3868 non
1410 3802 1476 3868 evi-

295 3889 446 3987 taverint,
473 3927 513 3974 ex
538 3910 600 3986 hac
623 3910 744 3976 tabella
769 3911 890 3977 elucet:

407 4015 490 4082 inter
507 4024 668 4086 centenos
685 4035 800 4083 versus
817 4023 866 4085 tot
883 4017 1154 4102 semiquinariam
1174 4017 1280 4083 solam
1301 4018 1475 4102 praebent:

404 4121 530 4189 Lucreti
556 4123 624 4209 (Vl)
775 4124 786 4189 l
944 4122 1045 4191 Ovidi
1070 4123 1164 4209 (Met.
1190 4122 1244 4208 Vl)
1291 4122 1346 4202 2,5

406 4318 429 4388 ¹)
449 4317 491 4371 Cl.
512 4318 578 4371 Guil
599 4318 700 4390 Meyer
718 4318 736 4372 l.
750 4318 768 4372 l.
783 4337 808 4390 p.
825 4320 901 4374 1048.

405 4410 426 4478 2)
446 4409 531 4463 Hane
550 4411 767 4480 proportionem
781 4426 796 4464 e
811 4410 938 4463 numeris
952 4427 969 4462 a
982 4408 1101 4480 Meyero
1115 4407 1132 4460 l.
1148 4407 1164 4461 l.
1179 4425 1205 4480 p.
1223 4408 1290 4464 1706
1303 4425 1345 4478 sq.
1360 4423 1479 4477 compu-

294 4499 364 4553 tatis
397 4497 482 4553 elicui
513 4498 603 4570 (idem
622 4499 660 4554 ‚in
691 4498 805 4554 tabellis
834 4497 1056 4569 insequentibus
1084 4496 1166 4568 ieci);
1196 4497 1310 4552 Aetnae
1339 4511 1479 4551 versuum

296 4606 451 4643 numerum
471 4589 505 4642 14
524 4587 641 4654 indicat,
661 4587 795 4659 equidem
815 4589 869 4642 hos
882 4593 998 4642 tautum
1011 4585 1150 4642 terdecim
1165 4589 1290 4660 repperi:
1308 4587 1351 4655 60,
1372 4587 1414 4654 74,
1435 4586 1478 4647 91,

295 4679 338 4747 97,
360 4679 420 4747 152,
441 4676 501 4747 241,
521 4677 582 4746 317,
602 4677 662 4746 431,
682 4678 745 4746 436,
765 4677 826 4745 457,
845 4677 905 4746 491,
925 4676 986 4746 511,
1006 4675 1066 4736 515.
