3558 5458
745 467 967 538 ..49-

268 683 512 773 non'potuisse
537 687 707 773 lapidibus
732 686 805 766 illis,
831 687 888 771 qui
912 685 955 752 ad
980 686 1137 752 incendia
1161 687 1282 754 alenda
1308 686 1447 755 minoris

267 795 429 863 momenti
455 801 542 875 sunt,
572 795 725 860 virtatem
749 795 875 872 inesse;
905 811 1015 878 neque
1040 795 1130 860 enim
1155 795 1220 862 hoc
1243 795 1446 862 vocabulum

268 901 331 967 nisi
367 901 409 968 de
444 901 648 986 perfectione
684 901 829 987 quadam
866 908 1042 984 usurpatur
1069 919 1180 986 neque
1205 909 1254 968 est
1278 909 1445 969 nostrum:

272 1007 536 1093 ,Eigenschaft“.
570 1010 667 1092 Quae
692 1028 767 1077 cum
793 1010 837 1076 ita
861 1009 937 1087 sint,
962 1009 1154 1076 contextum
1180 1009 1334 1076 traditum
1359 1010 1446 1076 male

268 1115 415 1200 intellegi
438 1135 627 1186 asseverare
653 1117 738 1184 licet.
785 1116 866 1182 Ellis
883 1114 1067 1182 Vessereau
1093 1116 1149 1181 alii
1165 1119 1240 1182 curn
1259 1115 1445 1183 Sloaniano

267 1228 299 1290 et
315 1221 463 1290 editione
479 1243 508 1290 a.
529 1224 614 1290 1475
625 1223 766 1306 propria
781 1222 888 1288 mrim
911 1223 1074 1300 scribunt;
1100 1223 1192 1308 quod
1210 1241 1310 1307 supra
1332 1230 1446 1290 contra

267 1328 509 1398 Stowasserum
544 1331 695 1410 disserui,
732 1332 830 1399 etiam
868 1332 901 1398 in
926 1331 990 1396 hos
1026 1329 1127 1397 cadit:
1159 1330 1261 1397 virtus
1295 1348 1366 1410 non
1396 1337 1446 1397 est

266 1441 426 1502 caractere
459 1440 512 1508 vel
547 1437 669 1520 special
691 1444 855 1523 properly,
892 1437 952 1505 sed
983 1438 1161 1522 singularis
1191 1438 1356 1523 quaedam
1381 1439 1443 1518 vis,

265 1562 351 1629 quae
380 1565 462 1612 sane
491 1546 594 1632 lapidi
625 1546 741 1614 molari
771 1546 825 1633 (ct.
848 1545 937 1631 416),
968 1565 1037 1612 non
1067 1545 1183 1612 ceteris
1213 1546 1308 1612 inest.
1358 1545 1443 1613 Cum

265 1659 414 1719 neutram
432 1653 610 1721 lectionem
627 1655 796 1741 percipere
815 1654 955 1739 possim,
973 1653 1049 1719 loco
1067 1671 1197 1719 crucem
1215 1653 1442 1738 apposuerim.

264 1757 429 1844 Sequitur,
466 1769 501 1828 ut
535 1761 702 1828 vocabulo
734 1761 877 1843 propala
906 1780 976 1827 non
1002 1761 1102 1826 nimis
1127 1761 1222 1827 inniti
1247 1760 1443 1827 debeamus,

264 1865 405 1933 Duabus
429 1869 614 1935 rationibus
639 1869 780 1935 formam
797 1869 856 1935 viri
874 1868 963 1935 docti
980 1868 1236 1952 explicaverunt.
1284 1867 1443 1934 Sudhaus

264 1991 338 2038 eam
378 1975 421 2040 ab
457 1973 621 2042 adiectivo
658 1975 723 2042 iam
761 1995 831 2042 non
867 1973 996 2042 servato
1027 1976 1191 2057 propolas
1215 2003 1254 2031 ε·-
1281 1975 1443 2060 πρόδηλος

266 2079 433 2148 derivavit.
482 2081 517 2148 Si
543 2083 608 2148 hoc
632 2089 756 2150 rectum
781 2089 841 2162 est,
866 2089 951 2149 certe
976 2068 1058 2147 nihil
1083 2101 1123 2148 ex
1148 2082 1209 2148 hac
1227 2100 1259 2148 re
1277 2081 1319 2150 de
1336 2089 1443 2149 aetate

264 2187 419 2254 carminis
443 2189 652 2273 proficimus;
678 2208 756 2256 nam
780 2190 854 2256 talis
877 2187 983 2257 forma
1001 2197 1033 2257 et
1048 2190 1216 2256 veteribus
1233 2197 1265 2255 et
1282 2191 1442 2256 recentio-

249 2283 358 2362 ribus
382 2297 591 2381 temporibus
615 2297 689 2363 oriri
711 2298 820 2382 potuit
844 2296 996 2383 (fortasse
1021 2297 1064 2362 ita
1089 2303 1124 2362 ut
1148 2296 1304 2363 homines
1328 2297 1361 2363 in
1386 2298 1442 2363 tali

265 2400 423 2482 dictione,
435 2404 542 2487 qualis
555 2423 622 2468 rem
628 2405 803 2486 propalam
813 2403 930 2486 faeere,
939 2404 1003 2470 iam
1018 2423 1088 2472 non
1099 2404 1259 2470 sentirent
1265 2403 1442 2484 propalam

264 2508 459 2577 adverbium
482 2529 557 2580 esse
573 2518 606 2578 et
622 2530 662 2578 ex
679 2513 742 2579 hac
766 2531 798 2579 re
816 2511 952 2597 proiecti
970 2511 1170 2578 adiectivum
1193 2510 1353 2595 propalus
1376 2510 1441 2578 for-

263 2617 414 2703 marent).
461 2615 562 2687 Aliter
586 2618 627 2684 de
652 2619 819 2686 vocabulo
843 2618 1030 2686 Stowasser
1053 2617 1224 2696 iudicavit;
1250 2617 1332 2683 nihil
1350 2617 1441 2683 aliud

262 2741 336 2788 esse
367 2725 511 2806 propala
534 2726 598 2791 nisi
628 2727 803 2808 propalam
837 2726 940 2793 littera
976 2744 1008 2791 m
1034 2724 1155 2792 eodem
1182 2724 1287 2791 modo
1311 2725 1440 2792 omisso

262 2832 426 2916 exposuit,
444 2831 520 2918 ¹quo
545 2829 580 2899 in
603 2829 811 2901 Enni'versu
837 2833 1014 2901 notissimo
1322 2835 1325 2840 ’

480 2961 547 3005 aaa
572 2941 625 3005 em'
648 2947 794 3006 rumores
811 2942 956 3024 ponebat
977 2945 1054 3006 orale
1076 2941 1127 3005 sal
1154 2945 1224 3006 tem.

367 3046 432 3114 lam
472 3047 540 3114 Birt
578 3048 670 3134 apud
710 3048 930 3115 Columellam
975 3049 1113 3115 verbum
1144 3047 1287 3130 propala
1326 3064 1438 3112 occur-

260 3170 328 3222 rere
368 3156 515 3233 monuit;
555 3156 699 3239 legimus
735 3157 824 3222 enim
862 3156 895 3221 in
932 3157 1032 3223 huius
1066 3155 1150 3222 libro
1187 3154 1229 3221 de
1264 3155 1439 3222 arboribus

260 3259 326 3346 (vll
349 3261 368 3326 2
394 3262 446 3328 ed.
464 3262 715 3349 Lundstroenr):
747 3262 876 3346 Virpam
898 3283 970 3326 cum
992 3266 1131 3327 amatre
1147 3262 1326 3344 deprimere
1341 3262 1436 3344 voles,

258 3368 398 3433 scrobem
427 3389 667 3451 quoquoversus
695 3374 850 3452 quattuor
872 3373 996 3452 pellam
1024 3369 1125 3454 facila
1152 3370 1210 3451 ila,
1239 3374 1279 3432 al
1295 3370 1438 3451 propala

259 3496 326 3540 aaa
349 3477 503 3541 laedatur
526 3476 664 3542 alterius
688 3473 864 3544 radicibus.
913 3479 954 3544 H.
977 3480 997 3544 l.
1014 3477 1216 3545 vocabulum
1242 3476 1435 3542 adverbium

260 3582 453 3649 ducendum
478 3583 607 3650 videtur
631 3603 721 3663 esse3
747 3605 847 3671 quare
861 3585 1056 3652 Stowasseri
1082 3583 1321 3652 enodationem
1346 3584 1436 3649 verbi

258 3691 522 3757 verisimiliorem
546 3693 740 3775 putaverim.
778 3693 845 3759 Sed
871 3712 1042 3778 perperam
1068 3711 1144 3758 eum
1170 3711 1210 3759 ex
1227 3693 1338 3758 haere
1357 3709 1436 3756 con·

259 3798 397 3864 clusisse
415 3816 547 3864 carmen
565 3789 774 3883 temporibus
787 3791 1025 3867 vetustioribus
1040 3799 1255 3866 tribuendum
1270 3816 1344 3865 esse
1357 3798 1436 3864 inde

258 3904 375 3984 elucet,
401 3903 494 3989 quod
521 3899 706 3980 Columella
732 3905 850 3972 eadem
876 3906 982 3974 torma
1007 3926 1089 3974 usus
1114 3915 1172 3974 est.
1220 3905 1255 3971 Sl
1281 3906 1434 3972 conside-

258 4013 439 4079 raverimus
478 4013 577 4080 etiam
617 3999 755 4079 verbum
790 4015 969 4095 propalare
1002 4011 1258 4099 ¹posterioribus
1298 4013 1434 4078 demum

256 4120 466 4205 temporibus
485 4137 654 4188 occurrere
672 4118 830 4205 (Colum,
848 4115 979 4201 Sidon,
1006 4120 1111 4187 Claud
1128 4121 1243 4199 Mam,
1267 4119 1434 4205 August),

260 4246 327 4293 rem
354 4228 397 4294 ita
421 4246 458 4294 se
484 4229 605 4295 habere
631 4227 794 4294 informa
820 4228 957 4313 propala
981 4227 1076 4294 tacile
1102 4228 1309 4312 colligemus

363 4334 429 4400 lam
467 4336 705 4420 perlustremus
738 4343 855 4414 cetera,
892 4355 977 4421 quae
1013 4336 1191 4402 attulerunt
1220 4355 1271 4402 vv.
1298 4334 1364 4414 dd,
1400 4341 1435 4400 ut

256 4459 390 4509 carmen
426 4447 501 4508 ante
539 4462 658 4510 aevum
696 4451 890 4528 argenteum
927 4443 1100 4510 conditum
1135 4462 1208 4510 esse
1244 4443 1432 4528 probarent.

256 4546 304 4616 Ac
339 4549 483 4635 primum
519 4549 654 4636 quidem
680 4550 929 4619 admonuerunt
953 4551 1145 4635 genetivum
1172 4552 1205 4617 in
1230 4589 1273 4596 -
1297 4548 1323 4613 ii
1346 4549 1433 4615 desi-

256 4661 391 4723 nentem
424 4655 576 4724 nondum
602 4659 635 4724 in
659 4641 777 4726 Aetna*
797 4659 936 4727 inveniri
968 4657 1140 4749 (Sudhaus
1164 4677 1196 4745 p.
1215 4658 1281 4745 87).
1329 4655 1433 4739 Quod

1253 4764 1270 4820 4
