3558 5458
403 1453 560 1552 Carmen
576 1472 698 1540 incerti
714 1479 846 1558 poetae,
871 1471 964 1558 quod
988 1479 1039 1540 est
1060 1471 1102 1539 de
1118 1471 1366 1564 Aetnamonte,
1392 1491 1461 1540 non

286 1597 395 1663 solum
425 1616 567 1682 magnas
597 1598 630 1662 in
659 1604 749 1665 textu
779 1597 1016 1665 constituendo
1051 1589 1262 1665 difficultates
1280 1573 1461 1684 praebere,

286 1721 345 1789 sed
370 1723 468 1789 etiam
494 1722 575 1789 alias
600 1723 816 1806 quaestiones
833 1741 911 1808 prae
932 1740 968 1788 se
991 1722 1073 1788 ferre
1091 1728 1208 1788 notum
1235 1728 1295 1802 est,
1320 1741 1403 1807 quas
1421 1695 1464 1790 ut

285 1847 452 1915 solverent
482 1866 540 1932 per
564 1854 720 1932 quattuor
750 1849 833 1915 haec
864 1847 996 1915 saecula
1027 1847 1086 1914 viri
1112 1847 1200 1915 docti
1231 1866 1363 1914 summa
1395 1865 1462 1932 ope

286 1972 370 2038 enisi
394 1979 482 2050 sunt,
511 1990 568 2039 eas
598 1972 673 2039 dico
699 1973 925 2057 quaestiones,
950 1991 1036 2057 quae
1066 1972 1107 2038 de
1131 1979 1265 2041 auctore
1289 1979 1463 2057 aetateque

286 2096 357 2162 libri
383 2096 550 2162 institutae
575 2102 662 2163 sunt.
709 2096 829 2181 Neque
853 2103 966 2163 tamen
992 2096 1188 2180 disceptatio
1212 2095 1380 2164 adfinem
1405 2097 1463 2163 ad-

245 2210 248 2215 ’
287 2220 385 2288 ducta
410 2227 474 2300 est;
508 2221 569 2288 sed
592 2221 659 2289 iere
684 2222 849 2300 omnium,
880 2221 936 2305 qui
961 2223 1136 2288 obscuram
1167 2221 1268 2288 libelli
1298 2223 1461 2306 originem

286 2363 398 2411 eruere
429 2344 636 2424 studuerunt,
669 2345 853 2412 sententiae
890 2345 923 2410 in
954 2345 1101 2413 diversas
1137 2353 1246 2431 partes
1276 2345 1462 2414 discedunt.

286 2469 458 2536 Editorum
484 2488 630 2554 quoque,
662 2471 718 2554 qui
751 2471 816 2536 hoc
845 2469 1011 2537 decennio
1036 2471 1172 2538 carmini
1202 2489 1346 2556 operam
1363 2491 1462 2538 nava-

285 2601 412 2672 verunt,
443 2594 565 2661 iudicia
596 2595 801 2662 valdeinter
828 2595 1055 2674 sedifferunt,
1085 2615 1161 2662 curn
1186 2595 1344 2662 Sudhaus
1372 2596 1463 2663 brevi

286 2726 363 2802 post
390 2719 514 2803 Vergili
548 2718 714 2804 Georgica
748 2740 777 2787 3.
807 2719 850 2786 30
874 2740 903 2787 3.
929 2720 1004 2787 Chr.
1030 2741 1062 2786 n.
1098 2721 1222 2807 publici
1256 2721 1339 2787 iuris
1367 2721 1462 2800 iacta,

286 2843 366 2909 Ellis
390 2851 446 2911 aut
469 2842 612 2929 Augusti
642 2852 698 2912 aut
721 2845 866 2912 Neronis
890 2863 985 2924 aevo,
1014 2846 1197 2913 Vessereau
1224 2865 1293 2913 non
1319 2846 1461 2913 multum

286 2976 363 3052 post
379 2969 507 3036 Lucreti
532 2969 636 3036 libros
651 2968 792 3037 Aetnam
811 2970 997 3038 confectam
1015 2988 1089 3039 esse
1105 2971 1283 3037 verisimile
1300 2971 1462 3038 duxerint.
1504 3021 1506 3028 ,

286 3092 375 3159 Nihil
393 3094 491 3178 igitur
508 3100 660 3161 constare
677 3094 807 3162 videtur
823 3094 886 3160 nisi
905 3094 937 3159 hi
955 3094 1100 3160 termini:
1126 3101 1158 3161 et
1175 3103 1252 3180 post
1265 3073 1461 3175 Lucretium,

286 3235 386 3301 quem
419 3238 447 3285 a.
473 3218 516 3285 55
540 3239 569 3286 3.
603 3219 677 3286 Chr.
708 3239 739 3285 n.
774 3216 941 3286 mortuum
977 3237 1051 3286 esse
1086 3221 1287 3305 accepimus
1322 3227 1353 3288 et
1386 3227 1462 3288 ante

285 3341 408 3408 Vesuvi
433 3343 642 3427 eruptionem
665 3343 912 3411 celeberrimam
938 3363 967 3410 a.
985 3345 1028 3410 79
1045 3364 1076 3429 p.
1096 3344 1170 3411 Chr.
1189 3365 1221 3411 n.
1238 3345 1358 3412 factam
1377 3353 1462 3413 certe

286 3484 419 3533 carmen
451 3469 608 3552 scriptum
634 3476 698 3547 est;
731 3487 841 3553 neque
865 3469 954 3535 enim
990 3472 1071 3554 quin
1101 3470 1286 3537 Lucretium
1319 3437 1478 3537 sectatus⁸

285 3591 327 3658 sit
350 3589 477 3657 Aetnae
503 3599 617 3658 auctor
641 3612 752 3677 neque
776 3595 857 3679 quin
883 3600 960 3678 post
984 3595 1179 3661 calamitatis
1204 3595 1291 3661 illius
1316 3565 1462 3679 ingentis

286 3697 412 3782 annum
447 3715 529 3782 liber
562 3716 604 3782 de
637 3718 870 3802 eruptionibus
909 3720 1119 3804 compositus
1151 3719 1333 3787 Vesuvium
1368 3720 1461 3787 nullo

286 3840 391 3908 modo
407 3841 541 3908 silentio
559 3841 732 3926 praeterire
750 3843 923 3926 potuisset,
949 3843 1113 3911 dubitatio
1134 3851 1194 3911 est.
1230 3843 1333 3925 Quod
1350 3851 1460 3912 autem

286 3965 328 4031 ad
359 3973 479 4052 poetae
512 3984 636 4033 nornen
668 3967 794 4045 attinet,
826 3985 971 4052 magnus
1002 3975 1052 4034 est
1082 3988 1240 4054 numerus
1264 3970 1461 4054 scriptorum

286 4087 527 4171 Romanorum,
562 4092 685 4175 quibus
717 4089 823 4159 Aetna
848 4092 1001 4159 attributa
1026 4101 1090 4174 est;
1124 4093 1257 4161 luerunt
1280 4095 1369 4161 enim
1404 4097 1460 4181 qui

285 4215 431 4299 Vergilio
457 4215 581 4283 Ovidio
605 4215 730 4283 Severo
760 4217 886 4282 Lucilio
915 4216 1065 4285 Senecae
1088 4218 1196 4285 Plinio
1227 4219 1460 4288 adscriberent.

286 4339 382 4406 Hanc
406 4342 541 4425 quidem
573 4343 817 4427 quaestionem,
848 4348 963 4427 utpote
988 4361 1088 4427 quarn
1120 4344 1203 4411 solvi
1233 4363 1334 4430 posse
1360 4345 1461 4412 hodie

286 4465 340 4530 vix
357 4465 533 4551 quisquam
552 4474 671 4552 speret,
696 4469 836 4536 breviter
852 4475 1000 4554 tangam,
1025 4470 1157 4536 alteram
1175 4476 1286 4537 autern
1311 4477 1460 4539 accurate

288 4590 477 4656 examinare
502 4592 535 4657 in
561 4593 675 4660 animo
700 4601 760 4661 est.
785 4593 832 4661 hc
854 4602 964 4679 patere
988 4594 1142 4662 videntur
1161 4595 1311 4680 quinque
1335 4595 1460 4680 disqui-

286 4711 379 4786 rendi
403 4715 491 4785 viae:
517 4717 661 4807 primum
692 4720 782 4788 enim
812 4717 995 4788 videndum
1020 4727 1079 4803 est,
1110 4719 1191 4811 quid
1219 4740 1238 4790 e
1261 4720 1461 4792 testimoniis
