3558 5458
768 539 989 610 ..25-

290 759 347 853 (H.
372 757 406 826 L.
432 757 469 825 R.
494 757 518 826 11
549 757 563 824 1
592 775 624 846 p.
647 755 704 844 69)
738 757 804 825 iam
841 764 1014 844 propterea
1051 753 1254 825 incredibile
1280 749 1344 838 est,
1375 753 1468 841 quod

290 867 482 953 Propertius
519 885 589 934 non
624 867 703 935 viris
738 866 908 935 doctrinae
942 874 976 934 et
1001 866 1168 934 *scientiae
1198 884 1298 951 quam
1324 857 1468 932 maxime

292 975 425 1054 deditis,
444 975 504 1042 sed
519 975 682 1041 omnibus
699 975 895 1042 hominibus
912 974 1131 1060 politioribus
1144 974 1290 1042 carmina
1307 991 1367 1040 sua
1383 971 1478 1038 fudit.

290 1082 341 1158 An
360 1081 498 1150 credidit
510 1077 670 1149 Sudhaus¹
685 1083 812 1146 daatara
822 1082 981 1163 puellam,
1000 1083 1053 1149 cui
1067 1088 1167 1168 poeta
1181 1081 1313 1149 libellos
1327 1081 1467 1161 dedicat,

291 1209 391 1276 quam
410 1198 445 1258 ut
462 1190 663 1258 delectarent
678 1208 793 1257 versus
806 1190 1017 1276 compositos
1030 1207 1105 1257 esse
1119 1188 1302 1256 identidem
1316 1189 1466 1269 affirmat,

292 1317 428 1384 operam
465 1296 609 1377 dedisse,
647 1303 682 1364 ut
704 1295 832 1364 Aetnae
860 1302 1009 1364 austeras
1044 1302 1076 1364 et
1109 1296 1262 1364 difficiles
1286 1294 1468 1363 sententias

291 1406 494 1493 perciperet?
511 1403 579 1472 Sed
595 1422 664 1471 rem
682 1405 790 1492 ipsam
808 1405 1053 1483 examinemus;
1071 1403 1261 1489 Propertius
1277 1405 1296 1470 l.
1314 1404 1335 1471 1.
1353 1423 1380 1470 c.
1397 1402 1467 1470 XVl

290 1534 320 1580 v.
337 1513 381 1580 29
405 1513 546 1580 confidit
571 1514 714 1580 amicam
738 1531 785 1593 se,
805 1511 995 1579 dummodo
1011 1512 1135 1592 audiat,
1149 1510 1376 1578 exaudituram
1395 1529 1468 1578 esse

510 1638 555 1703 sit
577 1637 653 1704 lieet
675 1642 706 1702 et
727 1659 808 1704 saraa
828 1637 1010 1720 patientior
1034 1637 1093 1705 itta
1118 1636 1249 1714 Sicano.

538 1731 544 1742 Ι

294 1764 397 1848 Quod
446 1766 602 1831 homines
648 1764 839 1848 intellegere
888 1781 957 1831 non
1005 1763 1155 1849 potuisse
1201 1762 1359 1830 Sudhaus
1405 1763 1469 1830 sibi

291 1872 455 1958 persuasit
485 1871 549 1938 nisi
572 1872 724 1939 versibus
747 1869 874 1938 Aetnae
899 1878 996 1938 antea
1022 1871 1177 1955 cognitis,
1207 1870 1330 1955 quibus
1355 1879 1470 1937 auctor

292 1981 447 2074 explanat
469 1977 616 2063 lapidem
642 1980 813 2058 molarem,
839 1980 895 2044 ubi
922 1978 992 2063 igni
1016 1979 1122 2045 victus
1147 1984 1206 2057 est,
1231 1978 1320 2044 hunc
1345 1996 1468 2061 magna

285 2085 451 2169 patientia
487 2102 615 2152 servare
651 2085 760 2172 (411);
796 2085 977 2173 laudatque
1013 2103 1112 2170 porro
1137 2104 1167 2150 v.
1190 2083 1222 2150 d.
1246 2084 1468 2156 versumf22

291 2193 462 2260 hierimot
490 2197 587 2274 atque
610 2191 728 2257 iterari
747 2192 882 2275 patieris
907 2245 914 2258 .
941 2245 947 2258 .
974 2245 980 2259 .
1007 2192 1091 2259 Cum
1122 2192 1217 2258 locos
1240 2190 1367 2258 Aetnae
1392 2210 1467 2258 cum

291 2301 508 2387 Propertiano
549 2319 720 2385 compara,
761 2319 830 2367 non
867 2300 978 2379 video,
1015 2299 1096 2385 quid
1132 2315 1312 2365 commune
1344 2298 1393 2365 eis
1416 2299 1468 2366 sit.

291 2406 327 2474 Si
362 2414 462 2493 poeta
499 2407 668 2490 elegiacus
701 2408 847 2493 puellam
873 2426 986 2473 amore
1011 2425 1073 2473 suo
1098 2407 1218 2473 victam
1237 2405 1469 2488 patientiorem

291 2522 444 2584 vocasset
467 2535 548 2579 saara
565 2513 695 2596 Sicano,
721 2516 798 2600 quia
824 2514 959 2580 assidue
983 2515 1106 2581 amoris
1122 2514 1277 2580 flammas
1294 2514 1468 2599 exciperet,

290 2629 360 2689 tum
398 2622 617 2689 concederem
655 2622 781 2688 similes
817 2641 890 2688 esse
919 2622 1024 2689 locos.
1073 2620 1169 2703 Quae
1199 2628 1310 2692 autem
1336 2605 1468 2687 revera

292 2729 373 2796 dixit
388 2727 589 2816 Propertius
614 2730 711 2795 aliam
731 2730 914 2797 ostendunt
930 2731 1021 2798 verbi
1034 2729 1168 2812 patieris
1185 2729 1469 2814 significationem

291 2845 391 2924 atque
416 2837 450 2903 in
474 2836 581 2903 Aetna
606 2845 724 2916 exstat;
751 2857 828 2904 nam
854 2857 930 2904 cum
956 2839 990 2904 in
1015 2839 1080 2904 hoc
1104 2838 1250 2904 carmine
1275 2837 1370 2903 notio
1393 2835 1471 2901 insit

292 2946 349 3011 diu
389 2945 538 3031 patiendi
578 2951 610 3010 et
650 2944 803 3011 servandi
839 2946 947 3029 ignes,
984 2946 1075 3031 apud
1105 2945 1313 3031 Propertium
1350 2961 1471 3010 sensus

295 3053 469 3120 resistendi
498 3053 663 3119 invenitur
691 3059 723 3118 et
747 3052 836 3118 idem
863 3053 931 3119 fere
957 3053 1124 3137 significat
1148 3071 1216 3121 vox
1241 3050 1334 3138 quod
1358 3051 1471 3117 durus,

291 3161 325 3226 ln
351 3165 496 3226 eundem
522 3159 662 3225 modum
681 3157 824 3226 Ovidius
841 3158 928 3246 (Am.
946 3161 967 3240 1,
989 3159 1038 3240 15,
1052 3160 1108 3246 31)
1133 3160 1174 3226 de
1198 3162 1298 3228 dente
1309 3158 1473 3241 patieritis

292 3266 398 3333 aratri
413 3268 568 3353 loquitur.
617 3266 729 3349 Quare
747 3267 831 3334 inter
845 3268 942 3334 locos
957 3266 1085 3335 Aetnae
1106 3275 1138 3334 et
1153 3268 1363 3354 Propertium
1381 3267 1472 3333 nulla

292 3376 373 3442 ratio
403 3372 584 3442 intercedit.
632 3373 758 3440 Tamen
788 3375 859 3441 fieri
885 3383 1006 3460 potest,
1031 3381 1067 3441 ut
1090 3374 1132 3442 de
1157 3375 1271 3463 lapide
1296 3375 1413 3441 molari
1438 3375 1471 3441 in

292 3484 399 3567 elegia
435 3483 488 3548 illa
519 3481 736 3566 cogitandum
762 3484 814 3562 sit,
851 3501 951 3567 quem
977 3501 1081 3569 prope
1105 3481 1248 3550 Aetnam
1274 3483 1473 3567 saepissime

292 3608 462 3657 occurrere
502 3597 587 3656 certe
629 3608 698 3656 non
734 3588 861 3658 Aetnae
898 3591 1022 3658 auctori
1059 3591 1122 3656 soli
1159 3599 1278 3658 notum
1316 3598 1398 3668 erat;
1440 3591 1473 3656 id

293 3695 502 3764 Hildebrand
523 3704 555 3763 et
571 3697 638 3764 Birt
647 3697 671 3783 ¹)
688 3715 800 3763 verum
820 3705 947 3783 putant,
965 3717 1040 3764 cum
1059 3697 1235 3765 Rothstein
1254 3698 1406 3765 achatem
1425 3698 1473 3763 fn-

291 3807 435 3892 tellegat.
481 3804 572 3872 Alias
590 3806 829 3892 explicationes
847 3807 998 3873 omittere
1014 3806 1110 3872 liceat
1119 3805 1160 3890 ²);
1178 3805 1337 3891 equidem
1355 3825 1472 3872 saxum

292 3932 352 3999 pro
370 3931 533 3980 marmore
551 3913 626 3992 dici,
645 3920 680 3979 ut
696 3931 798 3999 saepe
816 3912 944 3992 accidit,
962 3920 994 3979 et
1012 3931 1157 3979 marmor
1170 3912 1322 3980 Siculum
1337 3919 1474 3998 poetam

292 4021 468 4106 designare
481 4022 628 4088 voluisse
643 4020 853 4100 crediderim;
871 4021 964 4106 quod
978 4019 1099 4105 lapidis
1113 4039 1224 4105 genus
1238 4039 1308 4086 non
1323 4021 1475 4104 ignobile

291 4127 394 4195 fuisse
408 4135 439 4194 et
452 4127 587 4194 aliunde
601 4135 632 4195 et
646 4127 805 4195 ePetroni
818 4146 914 4194 versu
926 4129 1152 4213 comperimus
1163 4130 1274 4215 (frgm.
1288 4127 1419 4196 XXXIV
1426 4128 1475 4213 3):

406 4293 584 4354 „marmore
608 4271 741 4337 Sicanio
764 4271 876 4337 striari
901 4271 968 4355 tibi,
994 4271 1162 4354 Delphice,
1189 4272 1377 4354 temptarat

399 4578 421 4647 ¹)
439 4577 485 4642 Η.,
505 4577 594 4632 Beitr.
614 4596 640 4649 p.
655 4579 702 4646 213
722 4578 755 4631 Β.
775 4577 879 4632 Philol.
896 4578 964 4633 1898
984 4597 1011 4650 p.
1026 4579 1081 4633 604
1099 4596 1140 4648 sq.

400 4668 423 4734 ²)
442 4667 529 4720 Helm
542 4674 594 4722 aut
603 4669 747 4739 pumicem
758 4673 810 4722 aut
822 4668 892 4724 litus
906 4667 1022 4726 Siciliae
1037 4683 1178 4722 saxosum
1192 4664 1308 4726 (Σικελία
1319 4665 1482 4736 πετρήεσσα)

292 4756 450 4830 significari
469 4758 635 4830 suspicatus
654 4762 706 4812 est.
