3558 5458
792 473 1009 551 ..34ἡ

311 706 494 772 removeret
527 695 770 778 ottensionenr,
810 698 995 767 Vessereau
1036 698 1214 768 lectionem
1252 715 1321 768 uno
1361 705 1489 769 tantum

311 805 427 873 codice
471 804 639 885 traditam,
685 823 771 890 quae
811 811 896 872 certe
942 805 1151 875 coniecturae
1196 806 1336 876 debetur
1380 827 1490 895 neque

311 913 376 979 ulla
416 913 606 982 auctoritate
642 919 702 992 est,
738 911 771 980 in
802 919 892 980 textu
921 913 1048 998 posuit:
1088 915 1261 1002 eademque
1279 935 1342 996 per·
1370 915 1489 998 omniu,

310 1018 430 1106 Neque
439 1038 518 1088 vero
532 1038 667 1088 causam
689 1020 862 1099 habemus,
876 1037 933 1087 cur
942 1019 1074 1088 libellos
1085 1021 1240 1088 meliores
1251 1021 1489 1108 relinquamus.

311 1125 380 1195 Sed
415 1146 482 1195 rem
518 1134 614 1194 acute
642 1146 662 1193 a
691 1127 793 1194 Birtio
829 1145 871 1194 eo
900 1127 1095 1218 explicatam
1126 1145 1200 1196 esse
1228 1147 1363 1209 censeo,
1397 1129 1492 1216 quod

311 1241 411 1319 poeta
423 1235 506 1302 haec
519 1235 620 1302 verba
639 1233 794 1321 copulata
804 1255 930 1317 perque
944 1233 1054 1299 omnia
1069 1235 1240 1303 eManilio
1257 1235 1489 1322 desumpserit,

311 1341 402 1428 apud
432 1359 533 1427 quem
559 1342 593 1408 in
619 1341 736 1409 eadem
761 1359 876 1410 versus
901 1340 1057 1408 sedebis
1082 1343 1125 1410 ita
1150 1350 1337 1424 occurrunt,
1362 1350 1397 1411 ut
1420 1363 1489 1412 ver-

310 1449 430 1516 borum
456 1449 539 1516 ordo
565 1449 684 1517 rationi
709 1449 944 1536 grammaticae
969 1447 1181 1533 respondeat.

418 1555 460 1624 nt
488 1557 543 1624 alii
579 1557 697 1625 rationi
731 1557 773 1624 ab
807 1537 1051 1622 llitdebraridio
1086 1556 1187 1623 initae
1217 1559 1489 1625 nonassentior.

311 1663 369 1730 Vir
404 1663 457 1731 ille
487 1663 528 1733 de
557 1663 664 1732 Aetna
694 1664 821 1749 optime
851 1663 987 1729 meritus
1015 1662 1057 1729 ad
1086 1681 1216 1730 versum
1250 1663 1289 1732 13
1317 1664 1403 1747 (epae
1431 1686 1490 1731 auo

311 1771 429 1854 flueret
451 1769 603 1836 Raecius
629 1772 727 1856 pede)
755 1776 893 1836 annotat
922 1767 970 1856 (in
1000 1766 1088 1836 Mus
1113 1769 1219 1837 Rhen.
1247 1771 1330 1838 1905
1361 1788 1393 1856 p.
1410 1771 1490 1858 570)

312 1879 472 1963 suspicari
484 1878 590 1958 licere,
601 1879 691 1942 unde
695 1876 967 1959 poetaBaeelnun
978 1897 1037 1942 suo
1040 1879 1125 1958 pede
1135 1877 1290 1959 fluentem
1298 1877 1474 1943 adsciverit
1480 1899 1491 1958 ;

313 1986 484 2070 εἰρωνικῶς
500 1981 658 2050 nianiruln
675 1985 813 2050 abusum
837 2005 905 2049 ease
928 1982 1067 2063 artifieio
1089 1982 1277 2050 Maniliano
1289 1985 1318 2051 V
1330 1985 1395 2053 238
1412 2004 1489 2072 sqq:

477 2096 507 2157 el
530 2096 560 2157 le
583 2091 712 2158 Baraba
736 2095 811 2160 luas
834 2091 1007 2156 nubentem
1030 2091 1145 2176 iuupel
1167 2093 1211 2158 ad
1234 2092 1339 2158 ulmos

353 2275 355 2282 Ι
472 2199 660 2282 disponente
682 2197 770 2284 iupis
793 2197 942 2264 inritatus
964 2196 1072 2282 fronte
1095 2199 1226 2264 elwreus

472 2307 581 2373 robere
604 2307 654 2374 vel
671 2303 807 2389 proprio
831 2304 983 2391 fidentem
1007 2305 1044 2370 in
1068 2305 1200 2371 bruchio
1224 2308 1321 2371 ducet

474 2417 565 2498 teque
590 2413 648 2480 ribi
671 2415 778 2479 credet
801 2434 988 2497 semperque
1011 2435 1031 2478 u
1055 2417 1158 2478 maire
1181 2417 1338 2479 resectum

472 2521 632 2606 adiunpet
652 2519 797 2587 calamis.

419 2627 530 2696 Nimia
560 2629 739 2697 subtilitate
767 2628 872 2694 virum
903 2628 1135 2696 doctissimum
1166 2647 1264 2696 usum
1295 2645 1369 2698 esse
1397 2635 1489 2716 pulo,

313 2754 389 2803 cum
403 2737 502 2803 talem
517 2735 601 2803 inter
613 2737 677 2804 bos
689 2737 784 2803 locos
797 2736 959 2816 rationem
974 2736 1176 2803 intercedere
1189 2737 1252 2804 sibi
1264 2738 1488 2824 persuaderet.

312 2839 435 2910 Verum
468 2844 511 2910 ab
536 2843 777 2929 antiquissimis
801 2844 1010 2929 temporibus
1033 2843 1185 2911 Bacchus
1209 2845 1406 2929 saepissime
1430 2863 1490 2931 pro

313 2950 393 3018 vino
425 2950 650 3037 metonymice
681 2950 866 3029 adhibetur,
896 2968 1006 3035 neque
1036 2951 1134 3035 igitur
1164 2951 1282 3017 mirum
1307 2957 1367 3032 est,
1398 2952 1491 3037 quod

312 3057 415 3126 fluere
451 3056 569 3126 dicitur
603 3057 657 3145 (ei.
683 3058 800 3124 Manili
836 3058 871 3125 lll
910 3056 1003 3143 153);
1040 3058 1133 3143 quod
1162 3066 1273 3126 autem
1303 3077 1380 3126 eum
1406 3060 1491 3142 pede

312 3165 473 3234 fluentem
514 3172 614 3251 poeta
654 3165 762 3250 tingit,
797 3165 937 3232 tortasse
973 3165 1163 3233 recordatus
1198 3174 1249 3234 est
1283 3165 1325 3234 de
1365 3167 1489 3234 Culicis

314 3274 423 3341 verbis
441 3275 528 3355 pecie
551 3273 674 3339 labitur
696 3275 799 3338 undu.

420 3363 680 3448 Similitudinem
717 3388 826 3448 autem
864 3381 974 3462 talem,
1004 3373 1135 3466 equali
1166 3380 1292 3467 aliquid
1317 3381 1489 3460 lucramur,

314 3494 439 3555 exstare
474 3487 705 3556 affirmaverim
742 3489 826 3555 inter
852 3487 980 3567 Aetnae
1009 3499 1039 3556 v.
1069 3489 1129 3555 144
1159 3496 1191 3556 et
1218 3489 1335 3555 Manili
1366 3489 1401 3555 lll
1431 3488 1489 3567 43;

315 3595 410 3662 cuius
438 3614 514 3663 cum
545 3596 733 3664 enuntiatio
763 3602 839 3681 apta
863 3602 895 3662 et
924 3595 1069 3664 dilucida
1094 3597 1145 3677 sit,
1169 3596 1296 3663 Aetnae
1322 3597 1417 3663 locus
1441 3595 1489 3663 oi·

313 3702 468 3770 tensione
493 3721 562 3770 non
589 3710 685 3770 caret.
734 3703 827 3770 llaec
850 3704 940 3770 enim
966 3690 1136 3788 leguntur:

476 3814 513 3875 tu
535 3813 627 3876 modo
650 3809 785 3876 subtiles
808 3809 916 3876 animo
940 3813 1022 3876 duee
1039 3810 1174 3893 perelpe
1198 3831 1304 3876 eurus.
1334 3860 1337 3866 .

422 3916 526 4000 Quod
548 3917 692 3985 editores
708 3919 796 3995 hanc
812 3917 1011 3985 sententiam
1030 3919 1129 4004 plane
1147 3937 1217 3985 non
1234 3917 1490 4003 explicaverunt,

316 4023 500 4093 dolendum
515 4033 579 4105 est;
591 4024 748 4092 Sudhaus
760 4027 912 4094 verbum:
927 4027 1081 4092 carnalla
1098 4024 1275 4092 transtulit:
1288 4021 1490 4090 Gedanlren-

315 4134 624 4218 zusammentrange
654 4133 865 4219 (Vessereau:
896 4132 1069 4215 questions,
1095 4131 1190 4198 Ellis:
1215 4128 1491 4213 inaestimanda

316 4259 426 4326 neque
454 4257 533 4308 vero
563 4227 671 4308 alium
690 4241 769 4308 novi
794 4241 916 4320 locum,
946 4257 1015 4326 quo
1040 4236 1121 4304 illud
1144 4237 1347 4305 vocabulum
1359 4236 1384 4321 1)
1405 4237 1491 4305 hanc

422 4419 445 4492 ¹)
464 4418 555 4491 Saepe
585 4423 800 4490 componuntur
819 4435 902 4475 curae
925 4424 950 4474 el
975 4417 1158 4485 capitatione,
1184 4413 1235 4468 sed
1263 4415 1369 4485 ubique
1389 4414 1437 4481 ita,
1458 4420 1492 4468 ut

316 4527 384 4564 eura
412 4525 531 4566 sensum
559 4506 708 4580 cogitandi
735 4507 884 4578 praebeam
914 4505 1015 4576 lingua
1033 4504 1191 4558 vernacula
1219 4505 1280 4558 usis
1309 4504 1393 4558 nobis
1418 4521 1490 4557 non:

318 4597 788 4669 „Gadankenzusammenhdnge“,
807 4593 860 4649 sed
880 4593 948 4662 „dae
966 4593 1173 4660 Naahdenkan,
1192 4593 1239 4649 dia
1259 4594 1430 4666 Erwbgung
1448 4593 1491 4647 als

316 4690 493 4763 Handlung“
514 4687 688 4746 vertendum
713 4691 765 4742 est.
803 4683 955 4740 Eiusmodi
975 4701 1059 4742 ouras
1080 4685 1247 4754 „molimur“
1268 4684 1316 4759 (cf.
1336 4702 1363 4741 v.
1378 4684 1424 4758 24)
1443 4683 1491 4739 val
