<?xml version="1.0" encoding="UTF-8"?>
<!DOCTYPE html PUBLIC "-//W3C//DTD XHTML 1.0 Transitional//EN"
    "http://www.w3.org/TR/xhtml1/DTD/xhtml1-transitional.dtd">
<html xmlns="http://www.w3.org/1999/xhtml" xml:lang="en" lang="en">
 <head>
  <title>
</title>
<meta http-equiv="Content-Type" content="text/html;charset=utf-8" />
  <meta name='ocr-system' content='tesseract 3.04.00' />
  <meta name='ocr-capabilities' content='ocr_page ocr_carea ocr_par ocr_line ocrx_word'/>
</head>
<body>
  <div class='ocr_page' id='page_1' title='image "./deaetnaeaetate01cathgoog_0031.png"; bbox 0 0 3558 5458; ppageno 0'>
   <div class='ocr_carea' id='block_1_1' title="bbox 794 495 1016 564">
    <p class='ocr_par' dir='ltr' id='par_1_1' title="bbox 794 495 1016 564">
     <span class='ocr_line' id='line_1_1' title="bbox 794 495 1016 564; baseline 0 -18"><span class='ocrx_word' id='word_1_1' title='bbox 794 495 1016 564; x_wconf 76' lang='lat'>..26...</span> 
     </span>
    </p>
   </div>
   <div class='ocr_carea' id='block_1_2' title="bbox 248 709 1498 4342">
    <p class='ocr_par' dir='ltr' id='par_1_2' title="bbox 248 709 1497 1014">
     <span class='ocr_line' id='line_1_2' title="bbox 397 709 1494 798; baseline 0.003 -21"><span class='ocrx_word' id='word_1_2' title='bbox 397 739 400 747; x_wconf 95' lang='lat'><em>·</em></span> <span class='ocrx_word' id='word_1_3' title='bbox 427 710 477 780; x_wconf 90' lang='lat' dir='ltr'>De</span> <span class='ocrx_word' id='word_1_4' title='bbox 495 709 627 780; x_wconf 86' lang='lat' dir='ltr'>Tibullo</span> <span class='ocrx_word' id='word_1_5' title='bbox 653 713 854 798; x_wconf 90' lang='lat' dir='ltr'>paucissima</span> <span class='ocrx_word' id='word_1_6' title='bbox 878 715 979 782; x_wconf 91' lang='lat' dir='ltr'>verba</span> <span class='ocrx_word' id='word_1_7' title='bbox 1002 713 1131 781; x_wconf 86' lang='lat' dir='ltr'>faciam.</span> <span class='ocrx_word' id='word_1_8' title='bbox 1179 712 1317 782; x_wconf 81' lang='lat' dir='ltr'><strong>Exstant</strong></span> <span class='ocrx_word' id='word_1_9' title='bbox 1341 712 1494 782; x_wconf 78' lang='lat' dir='ltr'>nonnulli</span> 
     </span>
     <span class='ocr_line' id='line_1_3' title="bbox 315 819 1497 906; baseline 0 -19"><span class='ocrx_word' id='word_1_10' title='bbox 315 820 417 888; x_wconf 89' lang='lat' dir='ltr'>buius</span> <span class='ocrx_word' id='word_1_11' title='bbox 446 827 567 905; x_wconf 92' lang='lat' dir='ltr'>poetae</span> <span class='ocrx_word' id='word_1_12' title='bbox 597 821 735 906; x_wconf 87' lang='lat' dir='ltr'><strong>elegiaci</strong></span> <span class='ocrx_word' id='word_1_13' title='bbox 766 822 841 900; x_wconf 92' lang='lat' dir='ltr'>loci,</span> <span class='ocrx_word' id='word_1_14' title='bbox 871 822 927 906; x_wconf 93' lang='lat' dir='ltr'>qui</span> <span class='ocrx_word' id='word_1_15' title='bbox 957 822 1084 889; x_wconf 84' lang='lat' dir='ltr'><strong>similes</strong></span> <span class='ocrx_word' id='word_1_16' title='bbox 1107 827 1186 888; x_wconf 89' lang='lat' dir='ltr'>sunt</span> <span class='ocrx_word' id='word_1_17' title='bbox 1208 819 1351 900; x_wconf 79' lang='lat' dir='ltr'>Aetnae3</span> <span class='ocrx_word' id='word_1_18' title='bbox 1380 820 1497 888; x_wconf 90' lang='lat' dir='ltr'>sedet</span> 
     </span>
     <span class='ocr_line' id='line_1_4' title="bbox 248 927 1393 1014; baseline 0 -20"><span class='ocrx_word' id='word_1_19' title='bbox 248 947 250 952; x_wconf 92' lang='lat'>·</span> <span class='ocrx_word' id='word_1_20' title='bbox 319 927 475 1014; x_wconf 80' lang='lat' dir='ltr'>perpauci</span> <span class='ocrx_word' id='word_1_21' title='bbox 500 936 578 994; x_wconf 89' lang='lat' dir='ltr'>sunt</span> <span class='ocrx_word' id='word_1_22' title='bbox 602 935 633 995; x_wconf 92' lang='lat' dir='ltr'>et</span> <span class='ocrx_word' id='word_1_23' title='bbox 657 929 749 1007; x_wconf 89' lang='lat' dir='ltr'>tales,</span> <span class='ocrx_word' id='word_1_24' title='bbox 775 947 793 996; x_wconf 94' lang='lat' dir='ltr'>e</span> <span class='ocrx_word' id='word_1_25' title='bbox 817 929 974 1014; x_wconf 86' lang='lat' dir='ltr'>qualibus</span> <span class='ocrx_word' id='word_1_26' title='bbox 998 929 1080 997; x_wconf 89' lang='lat' dir='ltr'>nihil</span> <span class='ocrx_word' id='word_1_27' title='bbox 1105 935 1215 1014; x_wconf 88' lang='lat' dir='ltr'>potest</span> <span class='ocrx_word' id='word_1_28' title='bbox 1239 929 1348 996; x_wconf 90' lang='lat' dir='ltr'>conici</span> <span class='ocrx_word' id='word_1_29' title='bbox 1358 928 1393 1014; x_wconf 85' lang='lat'>¹).</span> 
     </span>
    </p>

    <p class='ocr_par' dir='ltr' id='par_1_3' title="bbox 316 1032 1498 4342">
     <span class='ocr_line' id='line_1_5' title="bbox 425 1032 1495 1116; baseline 0.002 -14"><span class='ocrx_word' id='word_1_30' title='bbox 425 1032 528 1116; x_wconf 91' lang='lat' dir='ltr'>Quod</span> <span class='ocrx_word' id='word_1_31' title='bbox 552 1042 663 1104; x_wconf 89' lang='lat' dir='ltr'>autem</span> <span class='ocrx_word' id='word_1_32' title='bbox 688 1035 731 1102; x_wconf 92' lang='lat' dir='ltr'>ad</span> <span class='ocrx_word' id='word_1_33' title='bbox 749 1036 922 1104; x_wconf 86' lang='lat' dir='ltr'>Horatium</span> <span class='ocrx_word' id='word_1_34' title='bbox 947 1037 1072 1116; x_wconf 80' lang='lat' dir='ltr'>attinet,</span> <span class='ocrx_word' id='word_1_35' title='bbox 1098 1035 1196 1104; x_wconf 82' lang='lat' dir='ltr'>Helm</span> <span class='ocrx_word' id='word_1_36' title='bbox 1212 1033 1339 1104; x_wconf 75' lang='lat' dir='ltr'>Aetnae</span> <span class='ocrx_word' id='word_1_37' title='bbox 1362 1053 1495 1104; x_wconf 90' lang='lat' dir='ltr'>versum</span> 
     </span>
     <span class='ocr_line' id='line_1_6' title="bbox 316 1141 456 1228; baseline -0.007 -17"><span class='ocrx_word' id='word_1_38' title='bbox 316 1141 382 1211; x_wconf 80' lang='lat'>238</span> <span class='ocrx_word' id='word_1_39' title='bbox 406 1161 456 1228; x_wconf 87' lang='lat' dir='ltr'>sq.</span> 
     </span>
     <span class='ocr_line' id='line_1_7' title="bbox 423 1249 1380 1334; baseline -0.002 -16"><span class='ocrx_word' id='word_1_40' title='bbox 423 1249 489 1319; x_wconf 82' lang='lat'>238</span> <span class='ocrx_word' id='word_1_41' title='bbox 515 1254 658 1333; x_wconf 83' lang='lat' dir='ltr'>tempora</span> <span class='ocrx_word' id='word_1_42' title='bbox 683 1272 744 1317; x_wconf 85' lang='lat' dir='ltr'>aur</span> <span class='ocrx_word' id='word_1_43' title='bbox 766 1250 896 1317; x_wconf 83' lang='lat' dir='ltr'>varient</span> <span class='ocrx_word' id='word_1_44' title='bbox 919 1250 1010 1334; x_wconf 81' lang='lat' dir='ltr'>unni,</span> <span class='ocrx_word' id='word_1_45' title='bbox 1035 1272 1091 1317; x_wconf 85' lang='lat' dir='ltr'>ver</span> <span class='ocrx_word' id='word_1_46' title='bbox 1109 1249 1221 1334; x_wconf 80' lang='lat' dir='ltr'>prima</span> <span class='ocrx_word' id='word_1_47' title='bbox 1245 1249 1380 1316; x_wconf 85' lang='lat' dir='ltr'>iuuenta</span> 
     </span>
     <span class='ocr_line' id='line_1_8' title="bbox 513 1356 1308 1442; baseline -0.003 -18"><span class='ocrx_word' id='word_1_48' title='bbox 513 1379 572 1424; x_wconf 84' lang='lat' dir='ltr'>eur</span> <span class='ocrx_word' id='word_1_49' title='bbox 596 1362 717 1424; x_wconf 83' lang='lat' dir='ltr'>aestate</span> <span class='ocrx_word' id='word_1_50' title='bbox 734 1358 834 1442; x_wconf 82' lang='lat' dir='ltr'>perit,</span> <span class='ocrx_word' id='word_1_51' title='bbox 860 1380 920 1424; x_wconf 86' lang='lat' dir='ltr'>eur</span> <span class='ocrx_word' id='word_1_52' title='bbox 943 1362 1050 1424; x_wconf 78' lang='lat' dir='ltr'>aestus</span> <span class='ocrx_word' id='word_1_53' title='bbox 1073 1358 1147 1441; x_wconf 81' lang='lat' dir='ltr'>ipsu</span> <span class='ocrx_word' id='word_1_54' title='bbox 1170 1356 1308 1423; x_wconf 80' lang='lat' dir='ltr'>senescit</span> 
     </span>
     <span class='ocr_line' id='line_1_9' title="bbox 512 1463 1378 1548; baseline 0 -18"><span class='ocrx_word' id='word_1_55' title='bbox 512 1470 732 1548; x_wconf 82' lang='lat' dir='ltr'>uerturnrroqrre</span> <span class='ocrx_word' id='word_1_56' title='bbox 755 1465 880 1548; x_wconf 75' lang='lat' dir='ltr'>obrepit</span> <span class='ocrx_word' id='word_1_57' title='bbox 901 1466 1003 1536; x_wconf 75' lang='lat' dir='ltr'>hierna</span> <span class='ocrx_word' id='word_1_58' title='bbox 1027 1471 1057 1530; x_wconf 90' lang='lat' dir='ltr'>et</span> <span class='ocrx_word' id='word_1_59' title='bbox 1080 1467 1116 1530; x_wconf 82' lang='lat' dir='ltr'>ire</span> <span class='ocrx_word' id='word_1_60' title='bbox 1140 1466 1213 1536; x_wconf 89' lang='lat' dir='ltr'>orbe</span> <span class='ocrx_word' id='word_1_61' title='bbox 1236 1463 1378 1530; x_wconf 78' lang='lat' dir='ltr'>recurrit</span> 
     </span>
     <span class='ocr_line' id='line_1_10' title="bbox 317 1572 1326 1668; baseline 0 -30"><span class='ocrx_word' id='word_1_62' title='bbox 317 1591 335 1638; x_wconf 93' lang='lat' dir='ltr'>a</span> <span class='ocrx_word' id='word_1_63' title='bbox 361 1574 506 1640; x_wconf 88' lang='lat' dir='ltr'>carmine</span> <span class='ocrx_word' id='word_1_64' title='bbox 530 1574 603 1640; x_wconf 90' lang='lat' dir='ltr'>eius</span> <span class='ocrx_word' id='word_1_65' title='bbox 627 1575 775 1668; x_wconf 76' lang='lat' dir='ltr'>septimo</span> <span class='ocrx_word' id='word_1_66' title='bbox 798 1574 817 1640; x_wconf 92' lang='lat'>1.</span> <span class='ocrx_word' id='word_1_67' title='bbox 836 1572 876 1640; x_wconf 93' lang='lat' dir='ltr'>lV</span> <span class='ocrx_word' id='word_1_68' title='bbox 889 1573 1035 1659; x_wconf 91' lang='lat' dir='ltr'>pendere</span> <span class='ocrx_word' id='word_1_69' title='bbox 1060 1575 1123 1653; x_wconf 82' lang='lat' dir='ltr'>sibi</span> <span class='ocrx_word' id='word_1_70' title='bbox 1149 1573 1326 1659; x_wconf 76' lang='lat' dir='ltr'>persuasit:</span> 
     </span>
     <span class='ocr_line' id='line_1_11' title="bbox 468 1678 1402 1764; baseline -0.002 -18"><span class='ocrx_word' id='word_1_71' title='bbox 468 1680 488 1746; x_wconf 90' lang='grc'>9</span> <span class='ocrx_word' id='word_1_72' title='bbox 511 1679 639 1763; x_wconf 63' lang='lat' dir='ltr'>orpora</span> <span class='ocrx_word' id='word_1_73' title='bbox 662 1679 836 1745; x_wconf 84' lang='lat' dir='ltr'>rrrr&#39;teseurrt</span> <span class='ocrx_word' id='word_1_74' title='bbox 858 1679 1029 1764; x_wconf 75' lang='lat' dir='ltr'>Zephyris,</span> <span class='ocrx_word' id='word_1_75' title='bbox 1054 1701 1110 1751; x_wconf 82' lang='lat' dir='ltr'>ver</span> <span class='ocrx_word' id='word_1_76' title='bbox 1127 1678 1269 1762; x_wconf 78' lang='lat' dir='ltr'>proterit</span> <span class='ocrx_word' id='word_1_77' title='bbox 1292 1683 1402 1744; x_wconf 79' lang='lat' dir='ltr'>aestas</span> 
     </span>
     <span class='ocr_line' id='line_1_12' title="bbox 513 1787 1142 1860; baseline -0.002 -8"><span class='ocrx_word' id='word_1_78' title='bbox 513 1787 692 1852; x_wconf 78' lang='lat' dir='ltr'>interitura</span> <span class='ocrx_word' id='word_1_79' title='bbox 715 1787 816 1852; x_wconf 78' lang='lat' dir='ltr'>sinaut</span> <span class='ocrx_word' id='word_1_80' title='bbox 1140 1855 1142 1860; x_wconf 51' lang='lat'>.</span> 
     </span>
     <span class='ocr_line' id='line_1_13' title="bbox 508 1893 1339 1977; baseline -0.001 -17"><span class='ocrx_word' id='word_1_81' title='bbox 508 1894 652 1977; x_wconf 77' lang='lat' dir='ltr'>pomifer</span> <span class='ocrx_word' id='word_1_82' title='bbox 676 1899 857 1960; x_wconf 82' lang='lat' dir='ltr'>autumnus</span> <span class='ocrx_word' id='word_1_83' title='bbox 879 1894 992 1977; x_wconf 63' lang='lat' dir='ltr'>troyes</span> <span class='ocrx_word' id='word_1_84' title='bbox 1017 1893 1184 1977; x_wconf 80' lang='lat' dir='ltr'>effuderit,</span> <span class='ocrx_word' id='word_1_85' title='bbox 1212 1899 1242 1959; x_wconf 89' lang='lat' dir='ltr'>et</span> <span class='ocrx_word' id='word_1_86' title='bbox 1263 1916 1339 1960; x_wconf 82' lang='lat' dir='ltr'>mora</span> 
     </span>
     <span class='ocr_line' id='line_1_14' title="bbox 515 2002 916 2068; baseline -0.005 0"><span class='ocrx_word' id='word_1_87' title='bbox 515 2003 629 2068; x_wconf 81' lang='lat' dir='ltr'>bruma</span> <span class='ocrx_word' id='word_1_88' title='bbox 653 2002 795 2068; x_wconf 79' lang='lat' dir='ltr'>recurrit</span> <span class='ocrx_word' id='word_1_89' title='bbox 809 2002 916 2068; x_wconf 83' lang='lat' dir='ltr'>r&#39;rrers.</span> 
     </span>
     <span class='ocr_line' id='line_1_15' title="bbox 317 2109 1495 2197; baseline -0.003 -20"><span class='ocrx_word' id='word_1_90' title='bbox 317 2111 475 2196; x_wconf 91' lang='lat' dir='ltr'>equidem</span> <span class='ocrx_word' id='word_1_91' title='bbox 499 2111 570 2177; x_wconf 93' lang='lat' dir='ltr'>viro</span> <span class='ocrx_word' id='word_1_92' title='bbox 594 2109 695 2176; x_wconf 93' lang='lat' dir='ltr'>docto</span> <span class='ocrx_word' id='word_1_93' title='bbox 722 2129 790 2176; x_wconf 95' lang='lat' dir='ltr'>non</span> <span class='ocrx_word' id='word_1_94' title='bbox 816 2111 991 2189; x_wconf 81' lang='lat' dir='ltr'>assentior,</span> <span class='ocrx_word' id='word_1_95' title='bbox 1015 2129 1090 2175; x_wconf 92' lang='lat' dir='ltr'>cum</span> <span class='ocrx_word' id='word_1_96' title='bbox 1114 2128 1224 2197; x_wconf 89' lang='lat' dir='ltr'>neque</span> <span class='ocrx_word' id='word_1_97' title='bbox 1241 2109 1495 2176; x_wconf 91' lang='lat' dir='ltr'>similitudinem</span> 
     </span>
     <span class='ocr_line' id='line_1_16' title="bbox 317 2217 1496 2302; baseline -0.001 -19"><span class='ocrx_word' id='word_1_98' title='bbox 317 2218 350 2284; x_wconf 93' lang='lat' dir='ltr'>in</span> <span class='ocrx_word' id='word_1_99' title='bbox 376 2236 409 2284; x_wconf 91' lang='lat' dir='ltr'>re</span> <span class='ocrx_word' id='word_1_100' title='bbox 433 2218 599 2284; x_wconf 87' lang='lat' dir='ltr'>tritissima</span> <span class='ocrx_word' id='word_1_101' title='bbox 625 2217 732 2283; x_wconf 92' lang='lat' dir='ltr'>mirari</span> <span class='ocrx_word' id='word_1_102' title='bbox 757 2217 941 2284; x_wconf 87' lang='lat' dir='ltr'>debeamus</span> <span class='ocrx_word' id='word_1_103' title='bbox 968 2235 1077 2302; x_wconf 89' lang='lat' dir='ltr'>neque</span> <span class='ocrx_word' id='word_1_104' title='bbox 1101 2218 1201 2284; x_wconf 92' lang='lat' dir='ltr'>verba</span> <span class='ocrx_word' id='word_1_105' title='bbox 1226 2217 1420 2283; x_wconf 91' lang='lat' dir='ltr'>communia</span> <span class='ocrx_word' id='word_1_106' title='bbox 1445 2217 1496 2282; x_wconf 91' lang='lat' dir='ltr'>his</span> 
     </span>
     <span class='ocr_line' id='line_1_17' title="bbox 317 2322 1497 2410; baseline 0 -20"><span class='ocrx_word' id='word_1_107' title='bbox 317 2325 448 2410; x_wconf 93' lang='lat' dir='ltr'>paucis:</span> <span class='ocrx_word' id='word_1_108' title='bbox 483 2346 548 2405; x_wconf 85' lang='lat' dir='ltr'>aer,</span> <span class='ocrx_word' id='word_1_109' title='bbox 573 2328 689 2405; x_wconf 77' lang='lat' dir='ltr'>aestua,</span> <span class='ocrx_word' id='word_1_110' title='bbox 715 2323 857 2388; x_wconf 77' lang='lat' dir='ltr'>recurrit</span> <span class='ocrx_word' id='word_1_111' title='bbox 879 2325 1027 2409; x_wconf 88' lang='lat' dir='ltr'>exceptis</span> <span class='ocrx_word' id='word_1_112' title='bbox 1051 2324 1272 2391; x_wconf 87' lang='lat' dir='ltr'>inveniantur.</span> <span class='ocrx_word' id='word_1_113' title='bbox 1320 2322 1432 2405; x_wconf 89' lang='lat' dir='ltr'>Quare</span> <span class='ocrx_word' id='word_1_114' title='bbox 1457 2342 1497 2390; x_wconf 84' lang='lat' dir='ltr'>ex</span> 
     </span>
     <span class='ocr_line' id='line_1_18' title="bbox 318 2431 1497 2517; baseline -0.002 -19"><span class='ocrx_word' id='word_1_115' title='bbox 318 2433 370 2498; x_wconf 92' lang='lat' dir='ltr'>his</span> <span class='ocrx_word' id='word_1_116' title='bbox 394 2433 477 2498; x_wconf 92' lang='lat' dir='ltr'>locis</span> <span class='ocrx_word' id='word_1_117' title='bbox 502 2431 583 2497; x_wconf 90' lang='lat' dir='ltr'>nihil</span> <span class='ocrx_word' id='word_1_118' title='bbox 609 2431 812 2517; x_wconf 85' lang='lat' dir='ltr'>proficimus.</span> <span class='ocrx_word' id='word_1_119' title='bbox 864 2431 1107 2499; x_wconf 89' lang='lat' dir='ltr'>Similitudines</span> <span class='ocrx_word' id='word_1_120' title='bbox 1132 2438 1242 2498; x_wconf 90' lang='lat' dir='ltr'>autem</span> <span class='ocrx_word' id='word_1_121' title='bbox 1259 2432 1436 2498; x_wconf 88' lang='lat' dir='ltr'>verborum</span> <span class='ocrx_word' id='word_1_122' title='bbox 1453 2469 1497 2477; x_wconf 92' lang='lat'><em>-</em></span> 
     </span>
     <span class='ocr_line' id='line_1_19' title="bbox 317 2529 1495 2624; baseline -0.003 -17"><span class='ocrx_word' id='word_1_123' title='bbox 317 2557 399 2608; x_wconf 93' lang='lat' dir='ltr'>sane</span> <span class='ocrx_word' id='word_1_124' title='bbox 435 2539 657 2624; x_wconf 88' lang='lat' dir='ltr'>paucissimae</span> <span class='ocrx_word' id='word_1_125' title='bbox 693 2576 747 2618; x_wconf 92' lang='lat'>-,</span> <span class='ocrx_word' id='word_1_126' title='bbox 784 2539 847 2604; x_wconf 88' lang='lat' dir='ltr'>nisi</span> <span class='ocrx_word' id='word_1_127' title='bbox 882 2538 986 2618; x_wconf 82' lang='lat' dir='ltr'>fallor,</span> <span class='ocrx_word' id='word_1_128' title='bbox 1025 2539 1087 2606; x_wconf 91' lang='lat' dir='ltr'>bae</span> <span class='ocrx_word' id='word_1_129' title='bbox 1116 2545 1209 2605; x_wconf 87' lang='lat' dir='ltr'>sunt:</span> <span class='ocrx_word' id='word_1_130' title='bbox 1246 2529 1314 2605; x_wconf 90' lang='lat' dir='ltr'>duo</span> <span class='ocrx_word' id='word_1_131' title='bbox 1339 2555 1495 2604; x_wconf 89' lang='lat' dir='ltr'>versuum</span> 
     </span>
     <span class='ocr_line' id='line_1_20' title="bbox 317 2644 1496 2731; baseline -0.003 -17"><span class='ocrx_word' id='word_1_132' title='bbox 317 2645 439 2715; x_wconf 84' lang='lat' dir='ltr'>exitus:</span> <span class='ocrx_word' id='word_1_133' title='bbox 473 2644 629 2726; x_wconf 82' lang='lat' dir='ltr'>eurrnr&#39;rer‘s</span> <span class='ocrx_word' id='word_1_134' title='bbox 658 2647 771 2710; x_wconf 82' lang='lat' dir='ltr'>quator</span> <span class='ocrx_word' id='word_1_135' title='bbox 799 2644 871 2730; x_wconf 76' lang='lat' dir='ltr'>(Ae.</span> <span class='ocrx_word' id='word_1_136' title='bbox 894 2648 924 2724; x_wconf 99' lang='grc'>4,</span> <span class='ocrx_word' id='word_1_137' title='bbox 949 2645 989 2711; x_wconf 89' lang='grc' dir='ltr'>Η.</span> <span class='ocrx_word' id='word_1_138' title='bbox 1009 2646 1120 2724; x_wconf 84' lang='lat' dir='ltr'>s.1,x</span> <span class='ocrx_word' id='word_1_139' title='bbox 1140 2645 1182 2711; x_wconf 89' lang='grc'>66</span> <span class='ocrx_word' id='word_1_140' title='bbox 1208 2646 1303 2731; x_wconf 88' lang='lat' dir='ltr'>epist.</span> <span class='ocrx_word' id='word_1_141' title='bbox 1325 2645 1359 2724; x_wconf 89' lang='lat' dir='ltr'>ll,</span> <span class='ocrx_word' id='word_1_142' title='bbox 1382 2644 1496 2730; x_wconf 74' lang='lat'>11145)</span> 
     </span>
     <span class='ocr_line' id='line_1_21' title="bbox 319 2750 1498 2838; baseline -0.005 -18"><span class='ocrx_word' id='word_1_143' title='bbox 319 2759 353 2820; x_wconf 90' lang='lat' dir='ltr'>et</span> <span class='ocrx_word' id='word_1_144' title='bbox 369 2751 514 2818; x_wconf 79' lang='lat' dir='ltr'>earmina</span> <span class='ocrx_word' id='word_1_145' title='bbox 534 2773 647 2816; x_wconf 80' lang='lat' dir='ltr'>murres</span> <span class='ocrx_word' id='word_1_146' title='bbox 663 2751 734 2838; x_wconf 71' lang='lat' dir='ltr'>(lle.</span> <span class='ocrx_word' id='word_1_147' title='bbox 753 2753 795 2818; x_wconf 88' lang='grc'>77</span> <span class='ocrx_word' id='word_1_148' title='bbox 810 2752 850 2818; x_wconf 89' lang='grc' dir='ltr'>Η.</span> <span class='ocrx_word' id='word_1_149' title='bbox 865 2771 917 2837; x_wconf 88' lang='lat' dir='ltr'>ep.</span> <span class='ocrx_word' id='word_1_150' title='bbox 932 2753 964 2832; x_wconf 89' lang='lat' dir='ltr'>ll,</span> <span class='ocrx_word' id='word_1_151' title='bbox 979 2752 999 2831; x_wconf 91' lang='lat' dir='ltr'>l,</span> <span class='ocrx_word' id='word_1_152' title='bbox 1020 2751 1096 2838; x_wconf 85' lang='lat'>138)</span> <span class='ocrx_word' id='word_1_153' title='bbox 1114 2759 1145 2819; x_wconf 86' lang='lat' dir='ltr'>et</span> <span class='ocrx_word' id='word_1_154' title='bbox 1162 2752 1307 2819; x_wconf 83' lang='lat' dir='ltr'>initiunt:</span> <span class='ocrx_word' id='word_1_155' title='bbox 1326 2750 1498 2833; x_wconf 83' lang='lat' dir='ltr'>quaeritur</span> 
     </span>
     <span class='ocr_line' id='line_1_22' title="bbox 318 2837 1497 2945; baseline -0.001 -21"><span class='ocrx_word' id='word_1_156' title='bbox 318 2865 489 2942; x_wconf 77' lang='lat' dir='ltr'>arpentum</span> <span class='ocrx_word' id='word_1_157' title='bbox 501 2859 543 2943; x_wconf 84' lang='lat' dir='ltr'>(i)</span> <span class='ocrx_word' id='word_1_158' title='bbox 557 2858 627 2945; x_wconf 76' lang='lat' dir='ltr'>(Ae.</span> <span class='ocrx_word' id='word_1_159' title='bbox 642 2860 709 2926; x_wconf 82' lang='lat'>260</span> <span class='ocrx_word' id='word_1_160' title='bbox 719 2860 760 2926; x_wconf 88' lang='lat' dir='ltr'>H.</span> <span class='ocrx_word' id='word_1_161' title='bbox 770 2837 822 2945; x_wconf 71' lang='lat' dir='ltr'>ei).</span> <span class='ocrx_word' id='word_1_162' title='bbox 835 2860 855 2940; x_wconf 92' lang='lat' dir='ltr'>l,</span> <span class='ocrx_word' id='word_1_163' title='bbox 867 2860 889 2927; x_wconf 90' lang='lat' dir='ltr'>ll</span> <span class='ocrx_word' id='word_1_164' title='bbox 902 2858 969 2943; x_wconf 87' lang='grc'>44).</span> <span class='ocrx_word' id='word_1_165' title='bbox 996 2859 1080 2926; x_wconf 81' lang='lat' dir='ltr'>Cum</span> <span class='ocrx_word' id='word_1_166' title='bbox 1092 2860 1215 2928; x_wconf 85' lang='lat' dir='ltr'>verbis:</span> <span class='ocrx_word' id='word_1_167' title='bbox 1230 2857 1374 2924; x_wconf 83' lang='lat' dir='ltr'>ourrrrr&#39;rte</span> <span class='ocrx_word' id='word_1_168' title='bbox 1384 2879 1497 2923; x_wconf 81' lang='lat' dir='ltr'>munes</span> 
     </span>
     <span class='ocr_line' id='line_1_23' title="bbox 318 2965 1495 3052; baseline 0 -19"><span class='ocrx_word' id='word_1_169' title='bbox 318 2967 350 3033; x_wconf 91' lang='lat' dir='ltr'>in</span> <span class='ocrx_word' id='word_1_170' title='bbox 368 2985 465 3034; x_wconf 88' lang='lat' dir='ltr'>versu</span> <span class='ocrx_word' id='word_1_171' title='bbox 480 2967 663 3034; x_wconf 91' lang='lat' dir='ltr'>Horatiano</span> <span class='ocrx_word' id='word_1_172' title='bbox 676 2967 726 3033; x_wconf 90' lang='lat' dir='ltr'>vis</span> <span class='ocrx_word' id='word_1_173' title='bbox 740 2965 906 3052; x_wconf 88' lang='lat' dir='ltr'>quaedam</span> <span class='ocrx_word' id='word_1_174' title='bbox 922 2966 1132 3047; x_wconf 88' lang='lat' dir='ltr'>maiorinsit,</span> <span class='ocrx_word' id='word_1_175' title='bbox 1147 2967 1236 3033; x_wconf 90' lang='lat' dir='ltr'>hunc</span> <span class='ocrx_word' id='word_1_176' title='bbox 1252 2967 1366 3033; x_wconf 85' lang='lat' dir='ltr'>afferre</span> <span class='ocrx_word' id='word_1_177' title='bbox 1384 2967 1495 3034; x_wconf 92' lang='lat' dir='ltr'>liceat:</span> 
     </span>
     <span class='ocr_line' id='line_1_24' title="bbox 466 3071 1362 3160; baseline 0 -22"><span class='ocrx_word' id='word_1_178' title='bbox 466 3072 610 3138; x_wconf 79' lang='lat' dir='ltr'>carmine</span> <span class='ocrx_word' id='word_1_179' title='bbox 632 3073 668 3138; x_wconf 81' lang='lat' dir='ltr'>rtr&#39;</span> <span class='ocrx_word' id='word_1_180' title='bbox 691 3072 804 3156; x_wconf 79' lang='lat' dir='ltr'>superi</span> <span class='ocrx_word' id='word_1_181' title='bbox 822 3073 1014 3155; x_wconf 77' lang='lat' dir='ltr'>ploraretur,</span> <span class='ocrx_word' id='word_1_182' title='bbox 1039 3071 1183 3138; x_wconf 81' lang='lat' dir='ltr'>eurror‘ne</span> <span class='ocrx_word' id='word_1_183' title='bbox 1206 3074 1362 3160; x_wconf 52' lang='lat' dir='ltr'>monesi)</span> 
     </span>
     <span class='ocr_line' id='line_1_25' title="bbox 424 3180 1497 3268; baseline 0 -22"><span class='ocrx_word' id='word_1_184' title='bbox 424 3180 550 3247; x_wconf 89' lang='lat' dir='ltr'>Tamen</span> <span class='ocrx_word' id='word_1_185' title='bbox 573 3200 612 3248; x_wconf 88' lang='lat' dir='ltr'>ex</span> <span class='ocrx_word' id='word_1_186' title='bbox 635 3182 696 3248; x_wconf 91' lang='lat' dir='ltr'>hac</span> <span class='ocrx_word' id='word_1_187' title='bbox 718 3200 750 3248; x_wconf 90' lang='lat' dir='ltr'>re</span> <span class='ocrx_word' id='word_1_188' title='bbox 774 3181 855 3247; x_wconf 90' lang='lat' dir='ltr'>nihil</span> <span class='ocrx_word' id='word_1_189' title='bbox 873 3180 914 3247; x_wconf 92' lang='lat' dir='ltr'>de</span> <span class='ocrx_word' id='word_1_190' title='bbox 933 3181 1070 3261; x_wconf 90' lang='lat' dir='ltr'>ratione,</span> <span class='ocrx_word' id='word_1_191' title='bbox 1089 3199 1154 3267; x_wconf 90' lang='lat' dir='ltr'>qua</span> <span class='ocrx_word' id='word_1_192' title='bbox 1169 3188 1306 3268; x_wconf 90' lang='lat' dir='ltr'>uterque</span> <span class='ocrx_word' id='word_1_193' title='bbox 1320 3182 1497 3266; x_wconf 87' lang='lat' dir='ltr'>copulatus</span> 
     </span>
     <span class='ocr_line' id='line_1_26' title="bbox 318 3287 747 3370; baseline -0.005 -14"><span class='ocrx_word' id='word_1_194' title='bbox 318 3296 377 3370; x_wconf 91' lang='lat' dir='ltr'>est,</span> <span class='ocrx_word' id='word_1_195' title='bbox 402 3287 603 3356; x_wconf 89' lang='lat' dir='ltr'>concludere</span> <span class='ocrx_word' id='word_1_196' title='bbox 627 3288 747 3366; x_wconf 90' lang='lat' dir='ltr'>audeo.</span> 
     </span>
     <span class='ocr_line' id='line_1_27' title="bbox 425 3396 1494 3483; baseline 0.002 -21"><span class='ocrx_word' id='word_1_197' title='bbox 425 3398 490 3463; x_wconf 93' lang='lat' dir='ltr'>lam</span> <span class='ocrx_word' id='word_1_198' title='bbox 517 3397 684 3483; x_wconf 87' lang='lat' dir='ltr'>progressi</span> <span class='ocrx_word' id='word_1_199' title='bbox 709 3396 750 3462; x_wconf 93' lang='lat' dir='ltr'>ad</span> <span class='ocrx_word' id='word_1_200' title='bbox 774 3396 933 3476; x_wconf 89' lang='lat' dir='ltr'>Culicem,</span> <span class='ocrx_word' id='word_1_201' title='bbox 959 3397 1051 3481; x_wconf 92' lang='lat' dir='ltr'>quod</span> <span class='ocrx_word' id='word_1_202' title='bbox 1076 3415 1208 3464; x_wconf 91' lang='lat' dir='ltr'>carmen</span> <span class='ocrx_word' id='word_1_203' title='bbox 1234 3415 1406 3483; x_wconf 88' lang='lat' dir='ltr'>perperam</span> <span class='ocrx_word' id='word_1_204' title='bbox 1432 3399 1494 3464; x_wconf 89' lang='lat' dir='ltr'>sub</span> 
     </span>
     <span class='ocr_line' id='line_1_28' title="bbox 318 3504 1496 3590; baseline 0.001 -19"><span class='ocrx_word' id='word_1_205' title='bbox 318 3506 443 3590; x_wconf 88' lang='lat' dir='ltr'>Vergili</span> <span class='ocrx_word' id='word_1_206' title='bbox 480 3505 619 3571; x_wconf 93' lang='lat' dir='ltr'>nomine</span> <span class='ocrx_word' id='word_1_207' title='bbox 654 3504 808 3570; x_wconf 94' lang='lat' dir='ltr'>traditum</span> <span class='ocrx_word' id='word_1_208' title='bbox 845 3511 922 3589; x_wconf 92' lang='lat' dir='ltr'>post</span> <span class='ocrx_word' id='word_1_209' title='bbox 958 3511 1097 3570; x_wconf 91' lang='lat' dir='ltr'>mortem</span> <span class='ocrx_word' id='word_1_210' title='bbox 1132 3505 1204 3570; x_wconf 90' lang='lat' dir='ltr'>eius</span> <span class='ocrx_word' id='word_1_211' title='bbox 1234 3505 1391 3590; x_wconf 90' lang='lat' dir='ltr'>scriptum</span> <span class='ocrx_word' id='word_1_212' title='bbox 1422 3523 1496 3572; x_wconf 94' lang='lat' dir='ltr'>esse</span> 
     </span>
     <span class='ocr_line' id='line_1_29' title="bbox 320 3610 1496 3698; baseline -0.001 -19"><span class='ocrx_word' id='word_1_213' title='bbox 320 3613 469 3698; x_wconf 92' lang='lat' dir='ltr'>plerique</span> <span class='ocrx_word' id='word_1_214' title='bbox 505 3633 556 3679; x_wconf 88' lang='lat' dir='ltr'>vv.</span> <span class='ocrx_word' id='word_1_215' title='bbox 594 3611 649 3678; x_wconf 96' lang='lat' dir='ltr'>dd.</span> <span class='ocrx_word' id='word_1_216' title='bbox 687 3612 942 3698; x_wconf 87' lang='lat' dir='ltr'>explicaverunt,</span> <span class='ocrx_word' id='word_1_217' title='bbox 982 3613 1155 3678; x_wconf 90' lang='lat' dir='ltr'>nonnullis</span> <span class='ocrx_word' id='word_1_218' title='bbox 1194 3612 1277 3678; x_wconf 87' lang='lat' dir='ltr'>locis</span> <span class='ocrx_word' id='word_1_219' title='bbox 1313 3611 1354 3678; x_wconf 88' lang='lat' dir='ltr'>de</span> <span class='ocrx_word' id='word_1_220' title='bbox 1389 3610 1496 3679; x_wconf 78' lang='lat' dir='ltr'>Aetna</span> 
     </span>
     <span class='ocr_line' id='line_1_30' title="bbox 318 3720 1326 3818; baseline -0.001 -32"><span class='ocrx_word' id='word_1_221' title='bbox 318 3720 555 3787; x_wconf 89' lang='lat' dir='ltr'>admonemur:</span> <span class='ocrx_word' id='word_1_222' title='bbox 1323 3803 1326 3818; x_wconf 73' lang='lat'>.</span> 
     </span>
     <span class='ocr_line' id='line_1_31' title="bbox 319 3825 1497 3895; baseline 0.001 -3"><span class='ocrx_word' id='word_1_223' title='bbox 319 3825 428 3894; x_wconf 76' lang='lat' dir='ltr'>Aetna</span> <span class='ocrx_word' id='word_1_224' title='bbox 446 3828 465 3892; x_wconf 95' lang='grc'>4</span> <span class='ocrx_word' id='word_1_225' title='bbox 482 3865 525 3874; x_wconf 92' lang='lat'>—-</span> <span class='ocrx_word' id='word_1_226' title='bbox 541 3827 698 3892; x_wconf 82' lang='lat' dir='ltr'>carminis</span> <span class='ocrx_word' id='word_1_227' title='bbox 722 3831 835 3892; x_wconf 82' lang='lat' dir='ltr'>auctor</span> <span class='ocrx_word' id='word_1_228' title='bbox 933 3828 1005 3895; x_wconf 85' lang='lat' dir='ltr'>Cul.</span> <span class='ocrx_word' id='word_1_229' title='bbox 1034 3828 1072 3895; x_wconf 84' lang='lat'>12</span> <span class='ocrx_word' id='word_1_230' title='bbox 1090 3867 1133 3875; x_wconf 93' lang='lat'>-</span> <span class='ocrx_word' id='word_1_231' title='bbox 1150 3826 1307 3892; x_wconf 79' lang='lat' dir='ltr'>eurnrr&#39;reis</span> <span class='ocrx_word' id='word_1_232' title='bbox 1333 3831 1446 3892; x_wconf 83' lang='lat' dir='ltr'>auctor</span> <span class='ocrx_word' id='word_1_233' title='bbox 1468 3825 1497 3893; x_wconf 85' lang='grc' dir='ltr'>Α</span> 
     </span>
     <span class='ocr_line' id='line_1_32' title="bbox 1087 3934 1495 4023; baseline -0.005 -21"><span class='ocrx_word' id='word_1_234' title='bbox 1087 3934 1141 4023; x_wconf 87' lang='lat' dir='ltr'>(ci.</span> <span class='ocrx_word' id='word_1_235' title='bbox 1161 3935 1240 4002; x_wconf 88' lang='lat' dir='ltr'>Hor.</span> <span class='ocrx_word' id='word_1_236' title='bbox 1259 3955 1285 4001; x_wconf 87' lang='lat' dir='ltr'>s.</span> <span class='ocrx_word' id='word_1_237' title='bbox 1299 3935 1320 4014; x_wconf 88' lang='lat'>1,</span> <span class='ocrx_word' id='word_1_238' title='bbox 1333 3935 1362 4000; x_wconf 93' lang='lat' dir='ltr'>X</span> <span class='ocrx_word' id='word_1_239' title='bbox 1374 3935 1427 4013; x_wconf 88' lang='grc'>66,</span> <span class='ocrx_word' id='word_1_240' title='bbox 1442 3953 1495 4020; x_wconf 87' lang='lat' dir='ltr'>ep.</span> 
     </span>
     <span class='ocr_line' id='line_1_33' title="bbox 1086 4041 1249 4126; baseline -0.006 -17"><span class='ocrx_word' id='word_1_241' title='bbox 1086 4042 1119 4122; x_wconf 93' lang='lat' dir='ltr'>ll,</span> <span class='ocrx_word' id='word_1_242' title='bbox 1133 4043 1178 4122; x_wconf 92' lang='lat' dir='ltr'>lll,</span> <span class='ocrx_word' id='word_1_243' title='bbox 1192 4041 1249 4126; x_wconf 90' lang='grc'>45)</span> 
     </span>
     <span class='ocr_line' id='line_1_34' title="bbox 441 4149 1495 4234; baseline -0.002 -18"><span class='ocrx_word' id='word_1_244' title='bbox 441 4151 460 4216; x_wconf 89' lang='grc'>7</span> <span class='ocrx_word' id='word_1_245' title='bbox 477 4149 591 4215; x_wconf 82' lang='lat' dir='ltr'>Pierio</span> <span class='ocrx_word' id='word_1_246' title='bbox 609 4202 615 4216; x_wconf 91' lang='lat'>.</span> <span class='ocrx_word' id='word_1_247' title='bbox 634 4203 641 4217; x_wconf 92' lang='lat'>.</span> <span class='ocrx_word' id='word_1_248' title='bbox 661 4201 667 4216; x_wconf 99' lang='lat'>.</span> <span class='ocrx_word' id='word_1_249' title='bbox 684 4170 809 4216; x_wconf 79' lang='lat' dir='ltr'>sorores</span> <span class='ocrx_word' id='word_1_250' title='bbox 1031 4151 1069 4217; x_wconf 91' lang='lat'>18</span> <span class='ocrx_word' id='word_1_251' title='bbox 1086 4149 1195 4214; x_wconf 80' lang='lat' dir='ltr'>Pierii</span> <span class='ocrx_word' id='word_1_252' title='bbox 1212 4202 1218 4216; x_wconf 94' lang='lat'>.</span> <span class='ocrx_word' id='word_1_253' title='bbox 1238 4202 1244 4216; x_wconf 87' lang='lat'>.</span> <span class='ocrx_word' id='word_1_254' title='bbox 1269 4201 1276 4215; x_wconf 94' lang='lat'>.</span> <span class='ocrx_word' id='word_1_255' title='bbox 1298 4170 1423 4215; x_wconf 85' lang='lat' dir='ltr'>sorores</span> <span class='ocrx_word' id='word_1_256' title='bbox 1447 4149 1495 4234; x_wconf 91' lang='lat' dir='ltr'>(in</span> 
     </span>
     <span class='ocr_line' id='line_1_35' title="bbox 1088 4255 1366 4342; baseline -0.004 -19"><span class='ocrx_word' id='word_1_257' title='bbox 1088 4256 1160 4324; x_wconf 88' lang='lat' dir='ltr'>ead.</span> <span class='ocrx_word' id='word_1_258' title='bbox 1178 4277 1208 4323; x_wconf 96' lang='lat' dir='ltr'>v.</span> <span class='ocrx_word' id='word_1_259' title='bbox 1227 4257 1321 4342; x_wconf 88' lang='lat' dir='ltr'>sede)</span> <span class='ocrx_word' id='word_1_260' title='bbox 1337 4255 1366 4322; x_wconf 88' lang='grc' dir='ltr'>Α</span> 
     </span>
    </p>
   </div>
   <div class='ocr_carea' id='block_1_3' title="bbox 261 4433 1497 4778">
    <p class='ocr_par' dir='ltr' id='par_1_4' title="bbox 261 4433 1497 4778">
     <span class='ocr_line' id='line_1_36' title="bbox 261 4433 1497 4506; baseline -0.002 -16"><span class='ocrx_word' id='word_1_261' title='bbox 261 4491 263 4496; x_wconf 83' lang='grc'>,</span> <span class='ocrx_word' id='word_1_262' title='bbox 424 4438 446 4506; x_wconf 88' lang='lat'>¹)</span> <span class='ocrx_word' id='word_1_263' title='bbox 465 4435 552 4490; x_wconf 84' lang='lat' dir='ltr'>Locis</span> <span class='ocrx_word' id='word_1_264' title='bbox 571 4454 587 4489; x_wconf 91' lang='lat' dir='ltr'>a</span> <span class='ocrx_word' id='word_1_265' title='bbox 609 4436 772 4490; x_wconf 83' lang='lat' dir='ltr'>Sudhausio</span> <span class='ocrx_word' id='word_1_266' title='bbox 793 4436 829 4490; x_wconf 86' lang='lat' dir='ltr'>ad</span> <span class='ocrx_word' id='word_1_267' title='bbox 842 4455 890 4490; x_wconf 94' lang='lat' dir='ltr'>vv.</span> <span class='ocrx_word' id='word_1_268' title='bbox 906 4436 1018 4489; x_wconf 87' lang='lat' dir='ltr'>Aetnae</span> <span class='ocrx_word' id='word_1_269' title='bbox 1033 4435 1057 4501; x_wconf 85' lang='grc'>4,</span> <span class='ocrx_word' id='word_1_270' title='bbox 1069 4435 1128 4494; x_wconf 84' lang='grc'>104,</span> <span class='ocrx_word' id='word_1_271' title='bbox 1140 4434 1200 4499; x_wconf 81' lang='lat'><strong>287,</strong></span> <span class='ocrx_word' id='word_1_272' title='bbox 1212 4435 1273 4500; x_wconf 86' lang='grc'>340,</span> <span class='ocrx_word' id='word_1_273' title='bbox 1284 4435 1336 4488; x_wconf 84' lang='grc'>365</span> <span class='ocrx_word' id='word_1_274' title='bbox 1349 4433 1497 4487; x_wconf 87' lang='lat' dir='ltr'>adnotatis</span> 
     </span>
     <span class='ocr_line' id='line_1_37' title="bbox 318 4525 1149 4597; baseline -0.005 -17"><span class='ocrx_word' id='word_1_275' title='bbox 318 4525 408 4580; x_wconf 88' lang='lat' dir='ltr'>addas</span> <span class='ocrx_word' id='word_1_276' title='bbox 428 4525 465 4579; x_wconf 87' lang='lat' dir='ltr'>a&#39;d</span> <span class='ocrx_word' id='word_1_277' title='bbox 484 4545 512 4580; x_wconf 88' lang='lat' dir='ltr'>v.</span> <span class='ocrx_word' id='word_1_278' title='bbox 532 4527 566 4580; x_wconf 85' lang='lat'>62</span> <span class='ocrx_word' id='word_1_279' title='bbox 585 4526 646 4579; x_wconf 85' lang='lat' dir='ltr'>Tib.</span> <span class='ocrx_word' id='word_1_280' title='bbox 666 4527 708 4582; x_wconf 82' lang='lat' dir='ltr'>IV</span> <span class='ocrx_word' id='word_1_281' title='bbox 721 4526 746 4590; x_wconf 83' lang='lat'>4,</span> <span class='ocrx_word' id='word_1_282' title='bbox 757 4527 792 4579; x_wconf 79' lang='lat'>24</span> <span class='ocrx_word' id='word_1_283' title='bbox 811 4558 844 4564; x_wconf 90' lang='grc'>-</span> <span class='ocrx_word' id='word_1_284' title='bbox 861 4528 912 4597; x_wconf 82' lang='lat' dir='ltr'>pia</span> <span class='ocrx_word' id='word_1_285' title='bbox 931 4527 1011 4582; x_wconf 84' lang='lat' dir='ltr'>turba</span> <span class='ocrx_word' id='word_1_286' title='bbox 1030 4527 1149 4582; x_wconf 79' lang='lat' dir='ltr'>deorum.</span> 
     </span>
     <span class='ocr_line' id='line_1_38' title="bbox 425 4611 1497 4690; baseline -0.004 -20"><span class='ocrx_word' id='word_1_287' title='bbox 425 4616 447 4690; x_wconf 78' lang='lat'>²)</span> <span class='ocrx_word' id='word_1_288' title='bbox 466 4615 498 4670; x_wconf 91' lang='lat' dir='ltr'>L.</span> <span class='ocrx_word' id='word_1_289' title='bbox 513 4615 530 4669; x_wconf 93' lang='lat' dir='ltr'>l.</span> <span class='ocrx_word' id='word_1_290' title='bbox 546 4616 659 4670; x_wconf 84' lang='lat' dir='ltr'>Aetnae</span> <span class='ocrx_word' id='word_1_291' title='bbox 678 4615 839 4669; x_wconf 88' lang='lat' dir='ltr'>ablativum</span> <span class='ocrx_word' id='word_1_292' title='bbox 857 4617 978 4672; x_wconf 72' lang='lat' dir='ltr'>camnine</span> <span class='ocrx_word' id='word_1_293' title='bbox 996 4613 1137 4684; x_wconf 79' lang='lat' dir='ltr'>singulari</span> <span class='ocrx_word' id='word_1_294' title='bbox 1157 4612 1284 4684; x_wconf 87' lang='lat' dir='ltr'>quodam</span> <span class='ocrx_word' id='word_1_295' title='bbox 1304 4611 1391 4666; x_wconf 88' lang='lat' dir='ltr'>modo</span> <span class='ocrx_word' id='word_1_296' title='bbox 1412 4629 1497 4668; x_wconf 89' lang='lat' dir='ltr'>usur-</span> 
     </span>
     <span class='ocr_line' id='line_1_39' title="bbox 316 4703 863 4778; baseline -0.004 -19"><span class='ocrx_word' id='word_1_297' title='bbox 316 4710 419 4778; x_wconf 82' lang='lat' dir='ltr'>patum</span> <span class='ocrx_word' id='word_1_298' title='bbox 439 4722 503 4762; x_wconf 83' lang='lat' dir='ltr'>assa</span> <span class='ocrx_word' id='word_1_299' title='bbox 523 4705 586 4760; x_wconf 86' lang='lat' dir='ltr'>Birt</span> <span class='ocrx_word' id='word_1_300' title='bbox 605 4704 643 4777; x_wconf 87' lang='lat' dir='ltr'>(p.</span> <span class='ocrx_word' id='word_1_301' title='bbox 657 4704 722 4775; x_wconf 88' lang='grc'>608)</span> <span class='ocrx_word' id='word_1_302' title='bbox 741 4703 863 4757; x_wconf 85' lang='lat' dir='ltr'>monuit.</span> 
     </span>
    </p>
   </div>
   <div class='ocr_carea' id='block_1_4' title="bbox 0 0 1788 5458">
    <p class='ocr_par' dir='ltr' id='par_1_5' title="bbox 0 0 1788 5458">
     <span class='ocr_line' id='line_1_40' title="bbox 0 0 1788 5458; baseline 0 0"><span class='ocrx_word' id='word_1_303' title='bbox 0 0 1788 5458; x_wconf 95' lang='lat' dir='ltr'> </span> 
     </span>
    </p>
   </div>
  </div>
 </body>
</html>
