3558 5458
827 505 1049 580 ...12-

350 724 582 812 quaestionem
608 731 755 796 nostram
774 743 843 794 non
861 725 1023 814 pertinere
1041 743 1175 809 censeo,
1202 725 1298 814 quod
1314 727 1396 797 intra
1414 745 1526 798 annos

350 835 403 900 32.
429 855 457 901 a.
484 835 558 902 Chr.
577 855 609 901 n.
627 842 659 902 et
675 835 750 902 252.
776 853 807 921 p.
834 834 908 901 Chr.
934 855 966 900 n.
990 834 1215 902 Aetnaeorum
1241 837 1370 921 ignium
1396 839 1525 925 eruptio

351 943 456 1008 maior
481 961 551 1008 non
576 943 706 1010 videtur
730 943 900 1010 accidisse.

457 1049 523 1115 fam
561 1049 698 1116 alterum
739 1055 774 1115 ut
812 1051 990 1116 terminum
1027 1057 1102 1117 ante
1138 1032 1250 1136 quem,
1287 1052 1344 1137 qui
1378 1060 1525 1133 vocatur,

350 1157 573 1236 constitueret,
605 1156 761 1241 Alzinger
789 1156 897 1243 (Stud.
923 1159 957 1223 in
990 1156 1085 1224 Aetn.
1110 1159 1186 1224 coll.
1215 1177 1247 1244 p.
1273 1158 1330 1244 tt)
1358 1159 1526 1245 profectus

350 1270 399 1330 est
424 1263 465 1330 de
489 1262 616 1331 Aetnae
639 1284 670 1330 v.
695 1265 755 1331 431
784 1272 816 1332 et
839 1284 888 1351 sq.
949 1241 955 1264 '

932 1372 1097 1455 Neapolim
1120 1373 1207 1438 iuter

495 1483 525 1542 ei
548 1477 669 1545 Cumas
693 1481 782 1546 tacta
807 1485 865 1563 ast,
887 1481 1001 1546 maltis
1024 1482 1090 1546 iura
1113 1481 1259 1565 fripa'aius
1283 1481 1390 1548 anais.

457 1605 554 1686 Quae
578 1607 679 1672 verba
704 1612 781 1691 post
806 1626 834 1672 a.
859 1605 912 1672 63.
938 1607 1057 1692 scripta
1082 1625 1155 1673 esse
1181 1626 1250 1673 non
1275 1625 1377 1692 posse
1400 1607 1449 1674 vir
1472 1607 1526 1675 ille

350 1713 469 1780 doctus
503 1713 695 1792 condendit,
732 1731 808 1780 cum
843 1714 899 1780 illo
933 1733 1024 1780 anno
1057 1721 1159 1781 terrae
1193 1721 1322 1781 motum
1353 1715 1525 1781 ibifuisse

350 1818 479 1887 Seneca
504 1821 555 1886 his
578 1811 688 1887 verbis
711 1820 765 1906 (N.
781 1819 847 1900 Qu.
861 1821 945 1900 Vil,
959 1821 993 1907 2)
1018 1828 1166 1888 testetur:
1200 1809 1308 1885 Nauis
1330 1821 1527 1886 Februariis

350 1925 401 1991 aa
424 1926 491 2009 funii
514 1931 619 1991 motus
642 1927 769 2011 Reputo
794 1932 824 1991 ai
840 1927 989 2010 Varpa'aa'o
1013 1927 1210 2010 consulibua,
1235 1927 1294 2009 qui
1309 1927 1526 2011 Campaniam

349 2056 520 2116 uunquam
536 2055 684 2098 secturam
703 2033 803 2098 auius
819 2035 900 2099 mali
920 2056 1040 2118 raupaa
1056 2039 1164 2118 strupo
1180 2034 1329 2100 uastauit.
1369 2034 1527 2126 Neapolis

350 2163 475 2224 quoque
502 2141 662 2224 privatim
696 2143 811 2224 raalio,
842 2141 975 2224 publice
1009 2142 1095 2207 aiau
1129 2140 1248 2207 amisii.
1296 2142 1364 2236 Sed
1393 2143 1527 2210 interest

352 2249 434 2316 inter
458 2250 587 2334 ignium
613 2249 834 2333 eruptionem,
864 2250 906 2316 de
931 2269 996 2335 qua
1020 2248 1146 2317 Aetnae
1171 2258 1286 2318 auctor
1309 2251 1464 2336 loquitur,
1495 2257 1526 2317 et

351 2365 479 2424 motum
491 2357 686 2435 terrae;soli
699 2357 835 2442 quidem
848 2358 1131 2425 concussionibus
1143 2357 1362 2444 Campaniam
1374 2347 1525 2424 vexatam

350 2464 453 2531 inisse
467 2483 577 2549 neque
591 2465 675 2531 alius
688 2482 795 2530 rerum
811 2483 921 2550 neque
934 2463 1062 2532 Aetnae
1075 2457 1214 2551 scriptor
1228 2472 1337 2550 negat.
1355 2465 1525 2531 Praeterea

351 2573 413 2638 alia
438 2578 505 2637 erat
530 2571 616 2637 illius
640 2577 752 2637 motus
769 2572 873 2655 regio,
898 2572 955 2656 qui
973 2573 1135 2658 imprimis
1152 2573 1235 2639 circa
1247 2573 1429 2639 Vesuvium
1448 2571 1525 2638 inde

351 2697 368 2744 a
404 2678 546 2744 Nuceria
582 2678 624 2743 ad
660 2671 922 2763 septentrionem
958 2678 1065 2746 factus
1099 2678 1289 2764 Neapolim,
1326 2685 1361 2745 ut
1397 2671 1526 2746 Seneca

351 2785 422 2870 ipse
448 2784 627 2874 profitetur,
653 2784 769 2848 iaua'far
792 2786 987 2870 perstrinxit,
1013 2786 1055 2852 ita
1080 2793 1115 2851 ut
1140 2786 1192 2851 hic
1209 2785 1281 2851 eius
1303 2784 1406 2851 finem
1423 2785 1525 2853 fuisse

350 2892 502 2958 conicere
535 2891 640 2958 liceat.
688 2891 797 2958 Locus
830 2899 951 2971 autem,
988 2911 1087 2977 quem
1123 2890 1250 2959 Aetnae
1285 2899 1400 2959 auctor
1423 2893 1526 2977 signi-

349 2999 448 3065 ficare
471 3000 586 3077 voluit,
603 3000 744 3066 Vulcani
769 3007 818 3066 est
841 3000 961 3092 iorum,
987 3001 1079 3086 quod
1103 3007 1173 3066 tum
1190 3007 1345 3066 vocatum
1364 3006 1423 3078 est,
1448 2991 1524 3066 cum

352 3105 452 3172 hodie
486 3104 684 3182 ,Soliatara“
718 3107 915 3193 appelletur;
951 3106 1067 3175 Cumis
1098 3115 1208 3174 autem
1241 3108 1322 3174 haec
1352 3105 1525 3192 Ἡφαίστου

352 3196 455 3298 ἀγορά
484 3214 621 3299 propior
651 3221 700 3280 est
733 3232 833 3299 quam
862 3213 1051 3299 Neapoli.1)
1097 3213 1231 3294 Quibus
1260 3213 1301 3280 de
1331 3215 1440 3281 causis
1465 3215 1526 3280 hac

351 3321 385 3386 in
403 3339 436 3386 re
448 3318 662 3404 Alzingerum
677 3321 833 3388 enavisse
852 3329 883 3386 et
897 3322 965 3386 iure
976 3319 1204 3388 Sudhausium
1218 3320 1264 3408 (p.
1274 3311 1331 3408 82)
1344 3321 1525 3388 affirmasse

351 3427 450 3495 credo
476 3427 517 3492 de
542 3415 737 3511 regionibus
762 3447 779 3494 a
803 3434 902 3513 poeta
920 3429 1190 3495 commemoratis
1206 3428 1248 3494 ad
1266 3436 1407 3496 aetatem
1425 3428 1525 3496 libelli

352 3535 434 3601 nihil
458 3553 559 3620 posse
584 3534 750 3601 concludi.

458 3640 744 3725 Progrediendum
763 3643 862 3727 igitur
875 3649 923 3709 est
940 3642 982 3708 ad
1000 3643 1172 3726 rationem,
1190 3663 1255 3729 qua
1270 3644 1526 3730 ifruckiewicffl)

352 3749 478 3834 primus
503 3767 584 3814 usus
609 3756 667 3824 est,
705 3749 818 3829 Poeta,
844 3751 901 3834 qui
927 3750 1004 3816 inde
1029 3771 1100 3817 av.
1126 3751 1190 3818 569
1216 3741 1391 3818 hominum
1417 3770 1527 3818 mores

352 3857 524 3942 vituperat,
549 3857 606 3940 qui
631 3875 682 3923 res
707 3857 904 3942 magnificas
927 3858 979 3923 vel
1005 3859 1198 3924 notissimas
1222 3858 1399 3944 spectaturi
1423 3857 1526 3942 longa

353 3982 412 4049 per
436 3965 537 4029 maria
562 3971 594 4030 et
617 3971 717 4032 terras
741 3965 856 4032 itinera
880 3966 1074 4051 suscipiant,
1107 3967 1189 4032 inter
1213 3966 1272 4031 has
1297 3984 1348 4032 res
1372 3972 1527 4049 quattuor

353 4070 486 4135 tabelias
511 4069 632 4134 Graias
663 4055 834 4138 enumerat
858 4071 923 4159 (vv.
949 4071 1149 4158 595-598),
1175 4091 1259 4157 quas
1283 4071 1378 4138 facile
1403 4091 1526 4156 agnos-

458 4250 480 4317 1)
500 4246 653 4301 Praeterea
672 4249 828 4319 Alzingero
858 4247 1042 4303 obiciendum
1070 4253 1115 4301 esi
1141 4223 1345 4318 philosophum
1370 4253 1526 4303 tremorem

352 4335 433 4388 illum
452 4341 545 4390 terrae
564 4337 593 4390 in
613 4337 647 4391 N.
662 4337 695 4404 Q.
715 4338 921 4410 amplificasse;
940 4338 1073 4389 Tacitum
1091 4343 1190 4390 autem
1208 4335 1282 4407 (XV,
1294 4337 1340 4407 22)
1354 4354 1390 4391 ex
1404 4340 1526 4392 Annaeo

351 4425 491 4492 hausisse,
512 4442 527 4479 e
546 4427 701 4480 verborum
721 4427 909 4482 similitudino
930 4423 1127 4495 colligendum
1147 4431 1193 4479 est
1212 4425 1260 4496 (oi.
1274 4425 1385 4481 Gercke
1404 4425 1527 4482 Seneca-

352 4502 433 4568 stad.
455 4533 480 4586 p.
500 4515 552 4569 323
571 4518 625 4588 sq.)

459 4606 481 4677 ¹²)
501 4603 709 4668 Kruckicwicz,
733 4605 841 4658 Poema
865 4604 900 4658 de
926 4605 976 4658 Ae.
996 4622 1032 4657 m.
1054 4603 1182 4678 Vergilio
1206 4607 1317 4660 auctori
1341 4607 1525 4680 potissimum

352 4693 544 4752 attribuenda.
583 4695 748 4752 Cracowiae
770 4695 847 4752 1884.
