3558 5458
749 481 971 556 ,ω-

270 725 377 775 meres
401 706 473 774 sola
498 706 655 772 adiuncta
679 705 731 772 sit.
771 703 846 771 lam
873 706 935 772 hos
957 719 1116 771 numeros
1140 703 1216 770 curn
1241 702 1313 771 aliis
1338 703 1448 792 poetis

270 815 496 882 conferamus:

269 919 413 974 (laesurae
433 938 459 992 p.
479 923 513 973 tr,
528 919 574 972 III
593 919 623 972 in
642 918 677 972 In
698 918 830 974 centenis
844 917 972 972 caesuris
991 934 1018 987 p.
1032 921 1067 970 tr.
1081 916 1128 970 111
1146 919 1193 970 tot
1205 917 1359 988 copulatae
1379 922 1449 972 sunt

314 1010 446 1064 centenis
465 1009 599 1063 versibus
664 1013 863 1078 cumutraque
895 1024 962 1061 cum
970 1007 1090 1078 hepthe·
1124 1008 1301 1082 cumtrithe·
1361 1025 1427 1062 cum

284 1105 286 1110 '
353 1101 564 1152 occurrentesz·
687 1097 842 1151 incisione:
931 1097 1054 1150 minere:
1095 1127 1097 1134 ›
1151 1095 1274 1150 minere:
1332 1103 1449 1152 neutra:

269 1187 387 1256 Lucreti
407 1187 449 1242 VI
467 1181 563 1256 (1284)
599 1186 637 1252 ss‚1
738 1187 799 1252 50,ss
865 1199 867 1204 '
968 1185 1030 1251 10,4
1178 1185 1210 1238 31
1378 1187 1395 1240 8

270 1276 418 1330 Ciceronis
437 1275 514 1346 (709)
598 1273 642 1340 3,8
738 1275 773 1328 48
986 1275 1031 1342 'l‚4
1178 1275 1240 1342 29‚6
1362 1277 1395 1330 15

270 1365 377 1419 Catulli
397 1364 474 1435 (797)
599 1365 643 1429 8‚5
738 1364 800 1430 80,9
969 1364 1030 1428 19,3
1196 1365 1240 1431 4,4
1378 1365 1422 1430 4,4

269 1444 643 1526 Vergrrr(A1.1v‚705)9‚3
739 1454 773 1508 94
985 1453 1002 1506 a
1195 1454 1213 1508 0
1300 1523 1303 1528 Ι
1378 1453 1395 1507 3

270 1542 355 1597 Ovidi
375 1543 563 1614 (militar)
585 1545 643 1609 10‚5
722 1543 774 1598 100
856 1609 858 1612 ¹
986 1542 1003 1595 0
1195 1543 1213 1596 0
1378 1545 1396 1598 0

269 1632 369 1686 Manili
387 1633 442 1703 (IV
456 1633 520 1705 935)
583 1633 643 1699 19,3
739 1633 774 1686 99
986 1633 1004 1686 0
1196 1632 1211 1686 1
1378 1632 1396 1685 0

270 1722 382 1776 Lucani
402 1723 497 1795 (8060)
583 1723 617 1777 19
722 1722 774 1776 100
986 1722 1003 1775 0
1195 1722 1212 1775 0
1378 1722 1396 1776 0

270 1812 383 1866 Aetnae
397 1812 474 1882 (646)
583 1812 643 1878 14st
740 1811 801 1877 96,8
986 1811 1030 1876 2,2
1197 1813 1210 1865 1
1305 1841 1306 1846 1
1378 1813 1396 1866 0

270 1903 406 1988 Propter
441 1922 599 1994 magnapr
636 1921 850 1969 numerorum
887 1901 1143 1986 discrepantiam
1177 1921 1217 1968 ex
1241 1904 1360 1970 haere
1385 1921 1449 1969 nos

272 2029 341 2094 non
377 2028 483 2094 pauca
516 2010 632 2076 lucrari
668 2016 760 2095 puto.
808 2008 954 2076 Primum
986 2009 1076 2075 enirn
1102 2016 1249 2096 apparet,
1284 2017 1447 2094 quantum

271 2119 416 2205 spatium
443 2118 536 2185 inter
567 2119 745 2185 veteriores
779 2118 855 2184 illos
887 2124 1006 2203 poetas
1039 2117 1225 2184 Lucretium
1251 2117 1447 2186 Ciceronem

271 2225 439 2306 Catullum
470 2232 502 2292 et
525 2224 666 2292 Aetnam
697 2224 887 2292 intercedat.
930 2223 1036 2310 'Apud
1067 2224 1142 2291 illos
1166 2225 1347 2292 incisiones
1372 2231 1450 2311 post

271 2333 400 2415 tertium
425 2333 618 2399 trochaeum
644 2333 749 2399 multo
775 2333 912 2408 rariores
936 2339 1188 2412 occurrunt;·ut
1209 2332 1243 2398 in
1260 2332 1333 2398 aliis
1350 2332 1448 2398 rebus

272 2441 414 2506 metricis
454 2439 602 2506 Catullus
642 2440 791 2525 proxime
831 2438 873 2505 ad
913 2446 1031 2525 poetas
1071 2440 1271 2507 recentiores
1310 2437 1447 2506 accedit.

271 2547 390 2636 Neque
422 2565 502 2614 vero
536 2547 610 2613 illos
644 2554 762 2632 poetas
795 2547 888 2613 solos
908 2545 1037 2624 Aetnae
1073 2548 1211 2632 scriptor
1243 2546 1354 2626 vincit,
1388 2545 1448 2612 sed

272 2655 370 2721 etiam
387 2654 581 2738 Vergilium,
606 2655 663 2737 qui
689 2660 720 2719 et
742 2654 927 2738 frequentia
952 2645 1161 2721 caesurarum
1187 2654 1293 2720 multo
1316 2653 1449 2719 inferior

272 2768 321 2828 est
353 2778 464 2844 neque
497 2764 563 2826 tam
596 2768 745 2834 accurate
769 2743 900 2826 versum
926 2762 1089 2827 incisione
1113 2761 1279 2832 trochaica
1304 2759 1447 2845 divisum

271 2857 496 2936 semiternaria
514 2875 546 2935 et
562 2869 835 2953 semiseptenaria
853 2869 1012 2934 instruxit.
1056 2865 1156 2955 'Quin'
1175 2869 1273 2935 etiarn
1287 2865 1447 2934 Ovidium

271 2965 516 3061 Maniliumque
557 2977 610 3042 hic
649 2983 748 3062 poeta
785 2995 925 3052 numero
960 2961 1103 3062 superat,
1140 2996 1216 3043 curn
1253 2978 1315 3044 hac
1350 2978 1383 3042 in
1416 2995 1448 3042 re

273 3071 407 3152 Lucano
433 3085 576 3151 maxime
598 3103 634 3150 se
651 3085 913 3170 appropinquet;
938 3081 1019 3151 sane
1037 3085 1070 3151 hi
1087 3091 1207 3171 poetae
1225 3085 1323 3151 etiam
1341 3083 1449 3167 magis

272 3179 408 3278 operam
442 3191 614 3271 dederunt,
646 3199 681 3258 ut
709 3210 880 3259 caesuram
906 3192 994 3258 illam
1020 3210 1096 3258 cum
1122 3199 1259 3277 utraque
1285 3193 1448 3259 incisione

273 3300 545 3383 coniungerent„
573 3297 707 3378 Quibus
731 3300 906 3385 perpensis
928 3299 1081 3366 affirmari
1104 3317 1205 3385 posse
1223 3297 1448 3384 putertnae

273 3414 441 3473 auctorem
468 3412 545 3492 post
568 3404 749 3490 Vergilium
776 3413 807 3472 et
831 3404 990 3473 Ovidium
1015 3405 1118 3471 videri
1143 3407 1325 3491 scripsisse.

288 3591 290 3598 y
383 3513 538 3598 Denique
562 3531 677 3579 versus
698 3499 821 3586 heroici
845 3512 951 3579 iorrna
969 3530 1035 3577 una
1054 3513 1262 3579 nominanda
1279 3520 1338 3593 est,
1363 3531 1450 3598 quae

275 3604 384 3706 neque
402 3621 673 3706 semiquinariam
692 3639 802 3705 neque
819 3638 989 3686 caesuram
1007 3627 1084 3705 post
1101 3621 1230 3686 tertium
1245 3622 1449 3700 trochaeum,

273 3725 401 3796 sedet
435 3729 693 3795 trithemimeren
730 3735 761 3794 et
797 3728 1082 3812 hepthemimeren
1119 3735 1151 3794 et
1184 3727 1347 3794 diaeresin
1373 3735 1450 3813 post

274 3835 394 3921 pedem
432 3834 619 3902 secundum
656 3837 801 3920 praehet.
850 3834 954 3902 Cuius
988 3836 1115 3904 formae
1147 3855 1252 3903 unum
1285 3837 1318 3902 in
1342 3836 1449 3904 Aetna

155 3979 158 3986 ‚
274 3944 463 4028 exemplum
488 3963 518 4009 v.
544 3943 608 4010 254
634 3942 781 4028 exstat1),
807 3943 849 4010 ita
875 3950 910 4010 ut
933 3945 1061 4011 eluceat
1077 3951 1245 4011 auctorem
1263 3963 1282 4009 a
1298 3945 1450 4012 versibus

274 4050 395 4116 talibus
420 4053 561 4117 omnino
586 4052 797 4118 abhorruisse
807 4050 841 4136 ²).
890 4050 1057 4132 Quotiens
1082 4052 1136 4117 alii
1161 4041 1281 4136 poetae
1306 4047 1449 4119 Romani

275 4158 361 4223 hanc
384 4158 525 4225 formam
551 4159 772 4238 adhibuerint,
803 4159 854 4224 his
883 4160 1030 4226 numeris
1061 4158 1189 4225 collatis
1218 4159 1448 4242 cognoscitur:

380 4335 403 4405 1)
423 4335 457 4388 In
475 4335 582 4389 talibus
595 4333 728 4390 versibus
742 4334 835 4406 qualis
851 4335 901 4389 178
914 4357 968 4394 non
982 4338 1026 4393 illi
1036 4338 1104 4393 duce
1114 4355 1156 4392 me
1169 4338 1287 4394 ocultus
1298 4338 1451 4394 annulare

273 4445 370 4484 caunas
389 4425 632 4495 penthemimeres
652 4424 772 4480 elisione
792 4424 942 4479 debilitata
960 4429 1084 4490 tantum,
1105 4441 1164 4477 non
1184 4425 1299 4480 sublata
1318 4431 1371 4481 est.

382 4515 403 4585 2)
423 4514 518 4582 Quare
537 4513 682 4568 Sudhausi
702 4515 869 4569 coniectura

420 4621 448 4659 v.
462 4604 516 4658 294
533 4623 599 4662 nom
620 4606 702 4662 ueluti
720 4611 799 4663 amul
817 4607 962 4676 orpanr'ao
982 4604 1094 4662 Tritone
1111 4625 1209 4664 canoro
1426 4679 1428 4684 s

273 4693 379 4754 rationi
393 4695 527 4756 carminis
540 4693 676 4750 metricae
695 4693 770 4750 male
789 4694 928 4750 convenit
940 4692 1064 4772 ideoque
1077 4695 1223 4752 reicienda
1235 4701 1281 4753 est
1293 4693 1341 4772 (cl.
1354 4711 1381 4774 p.
1396 4693 1450 4772 14).
