3558 5458
766 511 988 583 ..51-

304 763 307 770 ¹
394 732 605 804 Ciceronis>
761 732 783 798 0
935 731 1053 798 Manili
1078 729 1147 817 (IV)
1280 727 1359 810 0,75

395 840 514 908 Catulli
767 839 816 918 1,7
938 837 1063 905 Lucani
1279 836 1356 917 0,25
1379 927 1381 932 Ι

393 948 517 1033 Vergili
541 946 637 1033 (Aen.
660 945 715 1032 IV)
766 945 778 1010 1
932 944 1060 1012 Aetnae
1281 943 1381 1030 02¹).

396 1090 572 1158 Cernimus
596 1089 705 1175 legem
731 1088 820 1156 illam
845 1087 1020 1156 aGraecis
1044 1088 1191 1174 petitam,
1218 1107 1283 1174 qua
1308 1087 1467 1173 semiqui-

291 1200 380 1266 naria
405 1199 477 1268 sola
502 1197 763 1283 improbabatur,
788 1195 923 1263 duobus
943 1196 1151 1280 temporibus
1175 1196 1331 1264 acerrime
1355 1196 1468 1263 obser-

291 1314 401 1374 vatam
426 1325 511 1385 esse,
537 1313 569 1372 et
593 1304 765 1372 Ciceronis
789 1323 874 1372 aevo
899 1311 931 1372 et
954 1305 1163 1389 temporibus
1188 1301 1469 1390 posterioribus²)‚

291 1433 365 1480 cum
395 1413 561 1499 Vergilius
594 1411 737 1480 Ovidius
771 1410 902 1479 Catullo
936 1419 1116 1496 praeeunte
1149 1418 1216 1478 tam
1250 1417 1399 1478 accurate
1433 1429 1469 1477 se

292 1541 361 1588 non
391 1522 529 1607 egerint.
576 1520 650 1587 lam
676 1520 852 1604 quaeritur,
883 1527 990 1586 utrum
1021 1538 1153 1592 carmen
1190 1525 1339 1586 nostrum
1369 1518 1468 1602 priori

291 1629 335 1694 illi
359 1648 402 1695 an
425 1628 599 1714 posteriori
624 1627 721 1694 aetati
739 1627 952 1694 tribuendum
978 1645 1053 1692 esse
1076 1625 1235 1700 videatur.
1282 1625 1468 1693 Tullianam

291 1736 469 1806 hexametri
504 1734 675 1821 pangendi
705 1735 868 1802 rationem
904 1735 983 1800 satis
1012 1733 1155 1800 alienam
1186 1751 1260 1799 esse
1291 1733 1338 1798 ab
1362 1731 1469 1799 Aetna

290 1842 385 1909 lacile
410 1843 632 1926 dignoscitur:
658 1843 738 1908 alter
761 1842 907 1908 caesuris
924 1848 1001 1927 post
1017 1841 1147 1908 tertium
1166 1841 1360 1907 trochaeum
1386 1858 1469 1918 rar0,

291 1949 372 2016 alter
393 1967 495 2034 saepe
520 1949 633 2027 utitur;
662 1949 743 2016 alter
767 1959 1006 2036 nonnusquam
1031 1966 1147 2014 versus
1177 1953 1255 2033 post
1284 1947 1468 2015 secundam

292 2063 324 2123 et
351 2062 429 2123 ante
458 2056 584 2123 tertiam
614 2063 646 2122 et
681 2063 759 2142 post
789 2063 938 2141 quartam
969 2057 1057 2121 arsin
1088 2055 1213 2134 incidit,
1247 2057 1327 2122 alter
1355 2073 1471 2123 versus

292 2181 428 2231 caesura
453 2162 549 2249 pedis
565 2164 648 2230 tertii
666 2168 815 2229 carentes
832 2161 918 2241 odit;
943 2162 1023 2228 alter
1046 2169 1082 2228 ut
1097 2162 1246 2229 vidimus
1270 2163 1469 2230 incisionem

291 2263 497 2342 trochaicam
526 2272 622 2356 pedis
655 2270 760 2354 quarti
795 2270 957 2356 repudiat,
994 2271 1073 2338 alter
1107 2289 1176 2336 non
1214 2289 1285 2337 raro
1321 2278 1468 2354 usurpat.

292 2371 404 2459 Quare
420 2378 528 2446 iacere
544 2379 598 2445 vix
615 2394 808 2465 possumus,
826 2378 907 2463 quin
926 2397 1058 2444 carmen
1076 2377 1260 2462 posteriore
1286 2377 1339 2443 illa
1364 2383 1470 2443 aetate

293 2485 464 2552 conditum
491 2503 565 2552 esse
590 2502 799 2551 censeamus.

306 2715 308 2719 ι
399 2626 466 2695 Sed
501 2629 566 2694 iam
601 2629 889 2714 penthemimeren
925 2629 1153 2714 relinquamus
1189 2633 1220 2694 et
1257 2628 1298 2696 de
1335 2647 1471 2696 caesura

293 2736 458 2803 trochaica
476 2735 573 2820 pedis
589 2736 672 2802 tertii
689 2734 880 2815 videamus;
898 2737 951 2802 cui
969 2744 1089 2822 poetae
1103 2737 1194 2802 latini
1208 2738 1469 2804 semiternariam

293 2850 325 2908 e't
347 2843 619 2927 semiquinariam
645 2843 820 2912 adnectere
851 2844 970 2911 solent.
1018 2843 1093 2912 Una
1118 2845 1169 2910 vel
1194 2845 1293 2911 altera
1319 2862 1470 2910 nonnus-

293 2967 394 3033 quam
420 2949 589 3028 omittitur,
618 2952 823 3035 quinetiam
849 2970 985 3017 caesura
1015 2957 1092 3035 post
1121 2951 1250 3016 tertium
1276 2952 1469 3017 trochaeum

296 3054 385 3121 nulla
410 3055 575 3122 incisione
592 3057 790 3123 subsidiaria
812 3057 967 3142 apposita
991 3093 1034 3102 —-
1058 3074 1139 3121 sane
1161 3057 1325 3123 rarissime
1350 3094 1393 3103 -
1417 3075 1472 3122 oc-

294 3161 399 3238 currit.
446 3162 481 3227 ln
505 3160 611 3229 heina
636 3162 678 3227 95
703 3181 857 3228 caesuras
879 3168 956 3247 post
980 3162 1172 3228 trochaeum
1199 3163 1329 3228 tertium
1356 3162 1471 3248 depre-

295 3267 484 3334 hendimus.
560 3269 686 3335 Harum
746 3270 924 3338 maximam
982 3276 1108 3354 partem
1165 3269 1347 3336 incisiones
1399 3270 1472 3336 illae

294 3375 512 3444 subsidiariae
530 3377 739 3458 comitantur,
764 3384 892 3462 praeter
908 3377 950 3442 87
967 3396 1018 3443 νν.
1037 3396 1055 3443 a
1073 3375 1226 3445 Frankeo
1244 3396 1276 3462 p.
1298 3376 1336 3442 12
1354 3377 1473 3444 allatos

296 3483 361 3549 huc
385 3484 565 3568 pertinent:
590 3505 621 3551 v.
639 3486 692 3565 69,
722 3504 823 3570 quem
849 3504 924 3552 cum
950 3484 1066 3553 Ellisio
1092 3485 1139 3551 sic
1163 3485 1256 3569 lego:
1282 3491 1352 3556 tum
1378 3483 1474 3551 Liber

296 3597 422 3657 cessata
456 3592 547 3657 venit
580 3610 638 3677 per
671 3593 778 3659 sidera
813 3645 898 3673 ...‚
931 3613 961 3659 v.
987 3593 1062 3672 227,
1100 3593 1157 3658 ubi
1192 3593 1474 3677 hepthemimeres
1517 3593 1519 3598 '

296 3696 513 3780 agnoscenda
542 3704 601 3776 est,
632 3716 707 3763 cum
738 3717 874 3766 caesura
905 3701 1024 3767 vocula
1058 3708 1161 3784 „que“
1190 3699 1344 3784 apposita
1370 3717 1473 3784 saepe

297 3821 366 3870 non
392 3804 539 3870 deleatur
563 3802 706 3889 (Franke
737 3824 768 3890 p.
798 3805 837 3872 15
862 3807 901 3872 cl.
931 3807 1047 3893 Meyer
1071 3826 1103 3892 p.
1133 3807 1216 3874 1045
1233 3805 1307 3892 sq),
1332 3825 1383 3872 vv.
1408 3806 1469 3871 241

296 3917 328 3976 et
344 3909 420 3990 322,
446 3911 479 3977 in
497 3929 585 3995 quos
602 3910 720 3976 eadem
739 3913 852 3996 regula
869 3912 967 3992 cadit,
992 3935 1021 3981 v.
1040 3913 1116 3992 338,
1142 3914 1175 3978 in
1193 3931 1261 3998 quo
1279 3914 1473 3998 semisepte-

297 4019 387 4084 naria
416 4019 543 4105 syllaba
572 4019 665 4086 vocis
699 4019 804 4094 „ullo“
838 4027 982 4087 extrema
1012 4021 1092 4087 elisa
1122 4022 1276 4105 quamvis
1305 4021 1474 4088 debilitata

298 4132 436 4192 constat.
485 4125 776 4212 Hepthemimeres
805 4134 915 4192 autem
946 4129 1017 4194 sola
1047 4146 1217 4193 caesuram
1250 4128 1338 4198 illam
1364 4129 1397 4194 in
1422 4148 1473 4194 vv.

298 4231 433 4299 duobus
456 4231 546 4319 (382,
561 4233 640 4321 514)
657 4233 817 4319 sequitur,
843 4252 919 4300 cum
937 4234 1042 4301 semel
1060 4242 1188 4304 tantum
1205 4234 1299 4323 (622)
1316 4235 1474 4304 trithemi-

404 4519 427 4588 ¹)
445 4536 473 4572 v.
493 4517 546 4573 472
565 4526 595 4574 et
614 4521 675 4576 530.

405 4609 427 4677 ¹²)
446 4607 464 4661 l.
483 4608 500 4661 l.
521 4627 545 4679 p.
568 4610 636 4666 1072
662 4612 821 4682 „Dagegen
846 4610 940 4667 haben
965 4609 1073 4668 andere
1099 4611 1159 4668 und
1185 4608 1345 4666 basonders
1364 4613 1477 4682 spbtere

300 4694 420 4758 Dichter
438 4695 485 4752 dio
504 4699 684 4769 griecl³sche
703 4699 798 4770 Regel
818 4700 925 4756 wieder
944 4708 1047 4772 strong
1066 4698 1290 4776 lestgehaltou.“
