3558 5458
783 499 1018 602 ‘’5⁶‘'.

310 719 485 803 invenitur,
521 719 676 789 ellectum
707 723 763 788 'est
798 717 924 788 Lucreti
956 717 1151 799 imitatione,
1187 717 1245 805 qui
1270 736 1396 788 nomen
1421 715 1492 784 oui-

309 829 431 896 montis
465 831 600 914 saepius
636 830 669 896 in
704 833 819 896 versus
849 829 936 896 exitu
962 829 1075 914 posuit
1099 829 1153 907 ita,
1189 835 1225 895 nt
1248 829 1390 896 elisione
1414 847 1490 896 cum

309 938 411 1006 verbo
436 937 645 1006 antecedenti
670 935 1036 1022 coniungeretur(14;
1061 934 1142 1015 802;
1170 935 1253 1002 1032
1278 955 1307 1004 e.
1323 936 1391 1022 al).

417 1081 514 1147 Hanc
538 1081 685 1164 regulam
712 1082 780 1148 inre
805 1088 1033 1165 exposuerunt
1055 1100 1107 1147 vv.
1125 1080 1180 1146 dd.
1199 1079 1277 1148 inde
1295 1087 1399 1147 ortam
1417 1099 1491 1146 esse

311 1188 403 1273 quod
429 1189 584 1254 homines
608 1189 735 1273 antiqui
761 1206 836 1255 eum
861 1207 993 1255 versum
1019 1188 1266 1273 improbabant,
1292 1189 1386 1254 cuius
1410 1188 1492 1254 arsis

311 1297 427 1379 quinta
463 1295 667 1362 efficiebatur
702 1295 828 1382 syllaba
864 1295 1020 1362 vocabuli
1056 1295 1196 1360 alicuius
1228 1295 1358 1374 ultima;
1395 1295 1492 1362 valde

312 1403 401 1469 enim
440 1403 488 1468 eis
524 1403 642 1468 incisio
679 1403 788 1486 gravis
823 1409 901 1487 post
937 1403 1023 1468 hauc
1058 1403 1145 1468 arsin
1174 1401 1259 1468 iacta
1285 1402 1491 1487 displicebat.

311 1508 422 1591 Quam
448 1516 483 1575 ut
506 1509 654 1586 vitarent,
680 1516 799 1594 poetae
825 1510 1023 1574 recentiores
1048 1527 1184 1593 operam
1207 1508 1385 1587 dederunt;
1410 1511 1494 1577 haec

312 1623 362 1682 est
384 1617 476 1682 tertia
501 1616 563 1694 lex,
588 1616 630 1681 ad
655 1634 756 1699 quam
782 1616 829 1680 eis
850 1634 965 1682 versus
981 1615 1146 1681 formamdi
1171 1623 1275 1702 erant,
1319 1614 1367 1681 Ac
1388 1616 1492 1683 duris-

311 1723 433 1788 simum
459 1723 608 1789 habitum
627 1729 685 1801 est,
711 1723 738 1787 si
761 1723 847 1787 arsin
870 1721 970 1800 illam,
996 1741 1081 1807 quae
1099 1723 1208 1807 posita
1230 1730 1297 1789 erat
1314 1717 1347 1788 in
1365 1723 1492 1809 syllaba

310 1829 403 1896 vocis
439 1830 564 1908 ultima,
599 1829 737 1896 verbum
774 1828 1051 1915 tetrasyllabicum
1085 1830 1138 1895 vel
1168 1829 1265 1896 trium
1291 1829 1492 1959 syfillabayum

312 1973 488 2055 longarum
514 1973 716 2056 sequebatur
738 1971 878 2038 velutin
896 1969 1021 2038 Lucreti
1038 1991 1069 2037 v.
1087 1971 1096 2036 l
1114 1971 1189 2038 672.
1207 2009 1251 2019 —-
1267 1973 1336 2055 pari
1354 1972 1491 2038 ratione.

314 2077 405 2144 Talia
429 2080 463 2145 in
489 2078 615 2146 Lucreti
640 2079 659 2146 l.
674 2079 714 2145 Vl
738 2080 841 2144 semel
867 2080 899 2144 in
925 2079 989 2145 428
1013 2099 1076 2158 vv.,
1094 2079 1135 2149 ,in
1161 2077 1280 2145 Catulli
1304 2079 1369 2145 797
1394 2080 1492 2144 hexa-

312 2187 424 2252 metris
459 2185 563 2253 semel
597 2187 630 2252 in
660 2187 713 2266 66,
738 2187 758 2250 4
782 2206 845 2265 νν.,
876 2187 908 2252 in
933 2185 1104 2252 Aeneidos
1133 2186 1164 2250 ll.
1182 2185 1193 2251 1
1212 2189 1249 2253 'et
1272 2185 1428 2252 leemel
1459 2187 1492 2251 in

311 2292 376 2358 365
400 2313 451 2360 νν.
477 2301 662 2373 occurrunt,
699 2311 774 2360 cum
812 2312 978 2376 nusquam
1016 2293 1227 2360 inveniantur
1263 2293 1295 2358 in
1322 2292 1494 2360 Ciceronis

311 2399 448 2480 Arateis,
480 2399 580 2468 Ovidi
604 2399 948 2483 Transiormationum
973 2400 992 2466 l.
1010 2400 1031 2478 l,
1056 2399 1172 2465 Manili
1197 2400 1217 2465 l.
1235 2399 1335 2486 lV(in
1366 2407 1493 2467 ceteros

313 2508 482 2592 utriusque
500 2509 668 2592 scriptoris
685 2508 788 2574 libros
806 2507 867 2572 hac
884 2508 1010 2575 ratione
1029 2507 1192 2592 inquirere
1205 2506 1493 2593 supersedebam),

312 2613 402 2698 apud
440 2615 631 2698 posterioris
661 2615 775 2681 aetatis
806 2621 938 2699 poetas;
976 2633 1017 2680 ne
1043 2615 1076 2680 in
1101 2613 1206 2680 Aetna
1232 2614 1368 2699 quidem
1394 2615 1493 2680 huius
1561 2625 1564 2632 '

313 2720 357 2785 rei
388 2721 577 2805 exemplum
608 2728 721 2786 exstat.
769 2721 886 2786 lterum
918 2721 1008 2786 hunc
1036 2722 1229 2804 scriptorem
1258 2721 1401 2787 eandem
1426 2739 1493 2788 cer·

315 2827 428 2894 nimus
447 2827 608 2893 rationem
627 2828 792 2911 amplecti,
810 2846 875 2910 qua
889 2824 1032 2893 Ovidius
1045 2833 1077 2892 et
1090 2827 1247 2910 quibunc
1259 2828 1494 2911 sequebantur,

312 2934 363 3000 usi
388 2941 480 3012 sunt;
505 2951 647 3017 quorum
674 2952 814 3000 numero
840 2932 1037 3000 inserendus
1061 2933 1129 3012 erit,
1155 2951 1265 3018 neque
1290 2935 1379 3001 enim
1403 2936 1493 3020 quic-

216 3105 224 3122 ,
313 3059 413 3126 quam
439 3042 469 3107 ei
494 3060 570 3106 cum
596 3040 758 3107 Cicerone
783 3047 833 3107 est
856 3058 1048 3107 commune.

420 3167 546 3232 Durum
561 3167 660 3233 etiam
675 3185 785 3252 neque
799 3174 912 3234 tamen
925 3166 1010 3233 adeo
1026 3166 1143 3232 durum
1159 3166 1322 3234 duxerunt
1338 3168 1494 3235 homines

313 3275 441 3360 antiqui
476 3293 619 3354 versum,
649 3275 682 3339 in
719 3294 788 3360 quo
819 3274 906 3341 duae
936 3274 988 3342 vel
1018 3282 1082 3341 tres
1105 3293 1207 3341 voces
1231 3275 1318 3340 arsin
1344 3276 1493 3360 quintam

312 3382 552 3467 sequebantur;
590 3401 690 3467 quam
729 3401 796 3448 rem
834 3401 935 3466 saepe
972 3381 1061 3466 apud
1087 3380 1282 3448 Ciceronem
1319 3382 1494 3448 Horatium

313 3488 482 3555 Tibullum
516 3487 752 3555 Germanicum
790 3489 856 3572 legi
885 3489 1001 3574 Meyer
1032 3487 1139 3554 docet.
1187 3488 1355 3555 Lucretius
1383 3496 1494 3556 autem

314 3595 418 3662 multo
436 3597 539 3662 rarius
556 3597 645 3662 hunc
662 3596 786 3662 exitum
804 3596 956 3663 adhibuit
973 3595 1091 3680 (semel
1110 3596 1143 3661 in
1157 3616 1208 3662 vv.
1227 3595 1316 3681 428),
1329 3595 1495 3680 Vergilius

314 3702 347 3768 in
365 3701 525 3768 Aeneidis
548 3703 579 3769 ll.
598 3703 617 3770 l.
636 3710 668 3770 et
691 3703 732 3768 lV
749 3721 926 3788 nusquam,
953 3721 1028 3768 cum
1054 3703 1087 3768 in
1112 3703 1203 3770 libris
1227 3709 1397 3788 postremo
1415 3722 1494 3770 con-

313 3810 442 3892 scriptis
466 3828 538 3877 raro
563 3811 606 3877 ita
624 3811 844 3895 eloqueretur.
891 3808 938 3876 Ac
955 3811 1128 3889 rationem,
1155 3829 1255 3896 quarn
1273 3810 1415 3876 inlibris
1433 3810 1495 3876 illis

314 3917 486 4001 perpolitis
520 3916 691 3984 Aeneidos
729 3925 920 4002 usurpatam
959 3936 1032 3985 esse
1056 3917 1307 4002 cognoscimus,
1343 3923 1496 3984 auctores

314 4025 515 4109 posteriores
539 4031 574 4090 ut
598 4023 741 4096 Ovidius
762 4025 989 4111 Maniliusque
1014 4033 1249 4111 et'sequentes
1274 4031 1495 4105 servaverunt,

314 4149 390 4195 cum
416 4131 539 4215 quibus
563 4133 710 4218 scriptor,
736 4133 788 4199 cui
814 4151 950 4218 operam
976 4133 1106 4213 damus,
1131 4132 1208 4198 iecit
1232 4133 1320 4199 exitu
1344 4132 1400 4198 tali
1417 4151 1495 4198 nus-

314 4238 415 4310 buam
441 4238 601 4305 admisso.

420 4364 587 4430 Minorem
603 4366 707 4431 movit
724 4365 948 4433 offensionem
967 4365 1241 4450 monosyllabum
1257 4366 1289 4430 in
1304 4366 1367 4431 arsi
1381 4365 1496 4450 quinta

315 4471 474 4556 positum,
500 4490 704 4557 quamquam
723 4473 822 4538 etiam
842 4474 907 4539 hoc
924 4491 1032 4557 paene
1049 4472 1245 4551 evitabatur;
1270 4473 1297 4538 si
1315 4474 1396 4537 arsis
1414 4473 1496 4538 haec

316 4578 554 4663 monosyllabo
570 4578 710 4647 formata
728 4587 804 4658 erat,
823 4581 919 4663 sequi
937 4586 1090 4665 poterant
1106 4587 1162 4646 aut
1175 4597 1280 4645 unum
1293 4579 1495 4646 vocabulum

316 4683 489 4771 (quattuor
523 4686 725 4775 syllabarum
760 4687 812 4754 vel
846 4687 943 4754 trium
968 4687 1159 4775 longarum)
1183 4695 1240 4755 aut
1264 4688 1333 4757 duo
1358 4693 1414 4756 aut
1438 4687 1497 4754 tria
