3558 5458
798 499 1019 574 ...22-

321 734 424 786 nemo
448 723 507 799 est,
533 718 614 804 quin
639 717 755 791 Ellislo
780 719 888 806 (Aeto.
907 729 939 806 p'.
955 718 1068 807 XXXI)
1099 718 1276 802 concedat;
1306 721 1396 809 apud
1420 719 1498 793 Ver·

321 825 437 909 gilium
455 834 566 894 autem
585 828 668 897 haec
685 829 854 895 enuntiata
871 835 904 895 et
920 828 1123 913 simpliciora
1145 836 1177 897 et
1193 831 1321 916 aptiora
1338 831 1497 916 legimus:

319 930 518 1028 Aen.11309
544 937 612 999 iuru
628 955 702 1000 uero
718 933 894 1019 uouisesiu
912 934 993 1014 ficies
1016 935 1130 1004 111375
1147 936 1307 1018 auspiciis
1322 937 1499 1022 muuifesiu

320 1036 411 1118 tides.
460 1041 557 1109 Hanc
582 1042 775 1123 dictionem,
805 1062 892 1129 quae
921 1045 951 1110 ei
977 1043 1150 1124 arridebat,
1179 1043 1286 1112 Aetna
1311 1053 1427 1113 auctor
1450 1065 1498 1115 re-

322 1147 446 1231 petisse
470 1154 502 1214 et
526 1149 683 1234 genetivo
708 1150 865 1218 audacter
888 1151 1046 1238 apposito
1070 1151 1201 1219 videtur
1224 1153 1367 1220 auxisse.

427 1253 478 1350 De
503 1255 605 1324 altero
623 1275 760 1344 quoque
777 1259 853 1325 loco
879 1277 954 1326 cum
972 1259 1164 1344 Vergiliano
1187 1259 1393 1328 conferendo
1419 1259 1498 1328 Ellis

321 1358 512 1447 disputavit,
536 1363 676 1444 sedita,
702 1373 737 1432 ut
753 1365 926 1445 iudicium,
951 1366 1045 1451 quod
1069 1366 1151 1445 tulit,
1176 1385 1285 1452 paene
1311 1367 1412 1435 nullis
1435 1367 1498 1434 iul-

321 1466 399 1536 ciret
423 1473 643 1554 argumentis;
673 1474 856 1540 clausulam
887 1473 963 1540 dico
994 1473 1194 1556 srcbrcmiput
1216 1476 1308 1539 reuda
1339 1474 1382 1560 (v.
1408 1474 1498 1563 229),

321 1575 373 1640 cui
411 1577 444 1643 in
473 1575 633 1645 Aeneidis
664 1580 683 1645 l.
708 1580 738 1645 X
764 1585 794 1646 ν’.
820 1580 885 1646 227
915 1579 1121 1665 respondent
1149 1583 1264 1648 verba:
1301 1580 1500 1664 srrbreuu‘put

320 1683 430 1749 raucis.
485 1685 582 1766 Quae
613 1686 797 1753 similitudo
832 1705 910 1754 casu
948 1694 1018 1753 orta
1052 1706 1126 1754 esse
1159 1688 1213 1753 vix
1243 1694 1363 1774 potest.
1423 1687 1497 1755 lam

322 1795 496 1861 enucleare
514 1793 719 1874 studeamus,
745 1802 815 1861 uter
830 1796 925 1861 locus
941 1794 1088 1880 speciem
1114 1795 1232 1880 prioris
1256 1796 1395 1880 originis
1419 1814 1498 1882 prae

320 1921 356 1970 se
380 1902 531 1970 videatur
552 1901 644 1981 lerre,
675 1911 713 1969 ac
737 1903 880 1988 primum
911 1901 1163 1969 consideremus
1186 1902 1337 1969 Maronis
1359 1921 1497 1970 versus:

558 2016 560 2022 ’
961 2009 1157 2092 Cymodocea

448 2139 536 2200 poue
559 2137 696 2198 sequeus
719 2120 837 2182 deuiru
856 2117 1000 2200 puppim
1024 2121 1118 2198 tenet,
1144 2116 1280 2199 ipsoque
1304 2119 1398 2182 dorso

455 2224 573 2293 curiuct
595 2245 633 2289 uc
657 2225 748 2290 iaeuu
774 2223 882 2289 iuciiis
906 2224 1106 2307 scrire-miqui
1129 2223 1239 2290 uudiu

320 2332 494 2399 Sinistram
529 2333 628 2416 igitur
661 2350 798 2399 manum
829 2333 978 2418 nympha
1005 2333 1046 2400 ab
1073 2333 1141 2398 imo
1170 2351 1229 2417 per
1262 2332 1371 2399 undas
1401 2335 1496 2417 quasi

320 2458 431 2506 remex
448 2447 570 2519 movet,
596 2447 630 2506 ut
654 2478 698 2485 -
722 2440 804 2506 baec
822 2458 958 2525 quoque
977 2439 1150 2506 adiutandi
1175 2440 1377 2524 significatio
1394 2441 1497 2506 verbo

270 2609 272 2616 ,
319 2547 520 2630 subreuiput
546 2554 581 2613 ut
610 2547 682 2612 aliis
712 2547 822 2613 verbis
850 2548 913 2614 hac
942 2548 1192 2633 praepositione
1223 2548 1389 2614 instructis
1413 2547 1497 2630 (eub-

320 2653 518 2735 ministrare,
552 2652 705 2735 sufficere
738 2654 813 2740 etc.)
848 2653 933 2720 inest
966 2692 1009 2700 —
1044 2656 1137 2720 navis
1171 2673 1304 2721 cursum
1339 2656 1496 2741 impellat.

320 2761 422 2842 Quod
449 2761 556 2826 tacitis
580 2760 681 2824 uuciie
705 2760 783 2847 (abl.
802 2762 871 2826 abs
891 2769 975 2828 recte
992 2763 1133 2847 explicat
1154 2761 1362 2829 Hildebrand
1378 2762 1496 2830 Philol.

324 2869 407 2935 1906
432 2887 463 2954 p.
483 2868 561 2955 436)
585 2868 655 2934 lieri
681 2875 800 2954 potest,
826 2869 903 2952 quia
921 2868 983 2935 dea
1009 2877 1067 2936 est.
1107 2868 1209 2935 Vides
1231 2871 1357 2955 optime
1375 2869 1496 2936 dictam

320 2995 393 3042 esse
419 2977 601 3042 clausulam
628 2977 716 3042 illam
725 2997 733 3054 ;
759 2994 869 3060 neque
892 2995 971 3042 vero
997 2978 1109 3043 minus
1133 2984 1209 3063 apte
1231 2975 1357 3043 Aetnae
1382 2984 1498 3044 auctor

320 3084 476 3168 loquitur.
524 3083 575 3149 Ne
599 3082 690 3169 apud
715 3083 805 3149 hunc
829 3083 964 3167 quidem
991 3091 1125 3170 poetam
1151 3085 1289 3168 verbum
1316 3083 1397 3150 illud
1422 3104 1497 3170 pro-

323 3193 392 3278 pria
417 3193 449 3258 vi
475 3199 570 3270 caret,
595 3190 655 3258 sed
681 3197 716 3258 ut
732 3190 852 3257 diserte
877 3193 1084 3277 copioseque
1099 3191 1306 3279 Hildebrand
1332 3192 1496 3274 disseruit,

321 3307 496 3386 propterea
526 3305 721 3384 usurpatum
751 3305 811 3378 est,
841 3299 933 3383 quod
957 3301 1060 3366 vectis
1090 3309 1268 3367 numerose
1298 3301 1331 3367 in
1357 3302 1495 3368 modum

322 3409 451 3493 remigii
483 3407 626 3492 agitatur
655 3412 687 3473 et
720 3406 753 3470 in
790 3407 874 3486 im0‚
909 3425 984 3473 cum
1019 3427 1118 3493 supra
1150 3409 1330 3492 organicus
1363 3409 1497 3494 linguas

319 3515 426 3600 digito
462 3521 599 3601 premat.
658 3513 770 3597 ltaque
810 3514 917 3581 elucet
956 3513 1046 3600 apud
1086 3522 1264 3600 utrumque
1303 3517 1496 3603 scriptorem

318 3623 457 3689 verbum
482 3641 552 3688 non
582 3622 663 3688 levis
688 3622 850 3688 momenti
873 3639 956 3700 esse,
987 3621 1046 3689 sed
1074 3624 1141 3689 vim
1172 3631 1293 3690 certam
1323 3625 1496 3710 praebere;

319 3737 431 3796 tamen
448 3727 622 3796 diiudicari
640 3746 742 3815 posse
760 3727 870 3807 credo,
888 3736 959 3796 uter
975 3729 1107 3796 alterius
1125 3730 1241 3797 horrea
1259 3731 1496 3816 compilaverit.

319 3836 483 3917 Quaestio
509 3845 567 3916 est,
594 3842 665 3902 uter
688 3854 721 3903 re
747 3836 819 3920 ipsa
844 3837 953 3920 magis
978 3837 1134 3904 incitatus
1158 3838 1210 3916 sit,
1236 3845 1271 3904 ut
1296 3837 1358 3902 hac
1382 3839 1496 3904 simili-

319 3945 436 4012 tudine
462 3935 614 4011 uteretur.
661 3942 735 4009 lam
762 3944 928 4010 cernimus
957 3945 1080 4012 actioni
1106 3944 1275 4031 nymphae
1300 3962 1376 4009 cum
1402 3945 1496 4010 remi-

320 4051 435 4136 gando
460 4051 553 4136 plura
578 4051 772 4117 communia
798 4069 871 4118 esse
897 4069 997 4136 quam
1023 4069 1217 4128 numerum;
1243 4068 1380 4116 manum
1406 4051 1495 4124 enim

320 4166 355 4226 ut
390 4177 518 4225 remum
550 4177 608 4243 per
643 4177 765 4242 aquam
803 4158 895 4242 quod
931 4159 1044 4242 agitat,
1082 4157 1158 4223 ideo
1194 4155 1281 4235 lacit,
1306 4163 1352 4250 'ui
1377 4176 1496 4225 navem

320 4267 483 4333 moliatur.
524 4265 648 4332 Revera
666 4266 765 4350 igitur
781 4267 928 4350 remigat,
955 4265 1018 4330 nisi
1041 4264 1133 4350 quod
1159 4282 1269 4330 remus
1287 4264 1359 4330 eius
1376 4283 1497 4332 manus

319 4380 378 4440 esi.
427 4373 511 4440 Cum
537 4379 647 4440 autem
673 4393 732 4459 per
760 4392 795 4439 se
819 4373 1094 4439 verisimillimum
1124 4373 1165 4440 sit
1187 4367 1372 4438 'clausulam
1397 4373 1495 4438 talem

320 4482 353 4548 in
386 4499 427 4548 eo
458 4482 697 4549 sententiarum
735 4500 865 4548 conexu
903 4481 1073 4549 inventam
1104 4499 1188 4559 esse,
1225 4481 1283 4548 ubi
1319 4482 1495 4549 verborum

319 4588 522 4674 significatio
540 4589 732 4674 principalis
750 4589 898 4667 occurrit,
921 4588 1068 4672 Vergilio
1086 4588 1212 4673 priores
1229 4596 1338 4674 partes
1354 4590 1496 4655 tribuere

322 4714 392 4763 non
417 4694 656 4762 dubitabimus
