3558 5458
748 481 970 554 ...15-

277 713 369 766 oram
402 694 463 762 din
494 714 624 779 sonare,
659 715 734 767 cum
768 699 890 786 longas
922 718 1024 769 voces
1056 699 1178 771 bucina
1203 701 1338 773 emittat.
1385 701 1454 775 Sed

275 825 374 890 quam
400 823 492 874 oram
518 806 858 892 comprehendimus?
884 807 1000 877 Fucini
1025 809 1117 876 lacus
1142 810 1246 896 ripam
1272 811 1466 900 significari

274 898 467 982 Wernsdori
488 914 640 994 coniecit,
665 914 785 1001 inquo
810 935 838 982 a.
856 915 909 983 53.
935 916 1060 1003 pebr.
1087 916 1228 985 Claudio
1253 919 1452 1006 imperatore

274 1041 409 1108 pugnae
441 1023 567 1091 navalis
599 1025 825 1108 spectaculum
858 1023 984 1090 editum
1017 1031 1081 1105 est;
1118 1025 1211 1111 quod
1236 1027 1287 1094 his
1311 1025 1452 1096 Suetoni

274 1131 382 1199 verbis
422 1131 493 1200 viro
527 1131 723 1199 doctissimo
757 1132 889 1217 probari
919 1131 1048 1201 videtur
1082 1132 1213 1221 (Claud.
1246 1134 1344 1220 XXl):
1380 1133 1453 1201 Hor

274 1240 454 1322 spectaculo
478 1225 731 1304 eiassioSiorriu
756 1244 787 1304 et
808 1238 941 1304 Rhodio
966 1247 1204 1306 concurrerunt
1226 1244 1453 1308 duodenorum

275 1345 455 1412 triremium
488 1345 641 1429 empulae
670 1345 814 1412 moriente
846 1346 965 1413 imoimo
999 1345 1134 1414 Tritone
1161 1353 1322 1432 mpetum,
1352 1350 1410 1434 qui
1438 1373 1454 1416 e

274 1453 376 1520 medio
401 1454 475 1520 ium
494 1475 557 1538 per
580 1453 764 1520 maritimum
789 1459 970 1520 emerserat.
1019 1456 1128 1524 Liceat
1145 1457 1226 1522 mihi
1244 1457 1309 1524 hoc
1326 1466 1452 1543 puncto

273 1565 433 1649 temporis
478 1581 604 1649 ponere
648 1564 804 1630 homines
851 1571 920 1630 tum
955 1553 1104 1649 ¹primum
1144 1564 1313 1632 Tritonem
1353 1567 1450 1633 talem

273 1672 453 1756 aspexisse.
500 1670 624 1738 Nonne
659 1672 934 1738 verisimillimum
968 1679 1018 1739 est
1046 1673 1181 1757 saepius
1216 1673 1293 1739 inde
1323 1674 1453 1740 abhoc

274 1786 424 1865 tempore
453 1779 644 1845 machinam
676 1778 859 1846 adhibitam
885 1780 981 1845 esse?
1017 1778 1111 1845 Certe
1136 1787 1206 1846 tum
1232 1799 1302 1846 non
1327 1781 1392 1846 iam
1418 1782 1451 1847 in

273 1887 346 1952 lacu
377 1885 505 1952 Fucino
541 1885 601 1952 sed
634 1886 732 1952 etiam
767 1887 839 1952 aliis
864 1887 947 1953 locis
971 1893 1102 1954 ostenta
1127 1894 1177 1954 est
1200 1904 1259 1953 seu
1285 1888 1318 1954 in
1343 1887 1452 1954 Tiberi

273 2012 332 2060 seu
369 1993 402 2059 in
432 1993 514 2059 mari
543 1994 617 2079 ipso
646 1994 737 2060 velut
768 1992 893 2060 Ostiae.
941 1993 1045 2074 Quod
1069 1995 1096 2060 si
1122 1995 1164 2060 ita
1189 2012 1225 2060 se
1250 1995 1359 2073 habet,
1396 2014 1453 2062 cur

274 2121 343 2168 non
374 2118 483 2167 revera
512 2100 553 2166 de
584 2120 640 2168 ora
673 2103 835 2168 maritima
858 2100 985 2168 Aetnae
1010 2108 1125 2168 auctor
1153 2103 1298 2186 cogitare
1323 2103 1452 2186 potuit?

273 2207 384 2288 Quem
420 2209 572 2274 allusisse
601 2207 644 2274 ad
675 2210 899 2276 naumachian
924 2209 1030 2295 ipsam
1057 2228 1075 2274 a
1100 2208 1263 2276 Suetonio
1290 2217 1450 2276 nanatam

274 2335 343 2382 non
370 2317 506 2383 arbitror
531 2317 708 2400 mirorque,
733 2315 826 2401 quod
851 2317 950 2382 etiam
976 2316 997 2381 ii
1017 2335 1069 2382 vv.
1087 2316 1143 2383 dd.
1162 2316 1226 2382 lroc
1243 2324 1452 2402 acceperunt,

229 2404 236 2420 ⁰
274 2424 330 2508 qui
346 2421 487 2490 Aetnam
514 2430 591 2508 post
609 2422 773 2490 Senecam
799 2423 985 2490 confectam
1011 2441 1085 2490 esse
1111 2422 1347 2502 iudicaverunt,
1373 2442 1450 2489 nam

273 2532 301 2598 si
316 2530 358 2597 de
372 2531 425 2596 illa
437 2549 470 2598 re
483 2537 652 2597 auctorem
670 2531 837 2615 cogitasse
851 2530 983 2616 probari
997 2537 1120 2617 posset,
1139 2536 1195 2596 aut
1208 2549 1236 2596 a.
1254 2528 1306 2595 53.
1326 2548 1357 2615 p.
1376 2530 1450 2597 Clrr.

272 2647 330 2728 aut
353 2640 443 2706 brevi
469 2646 546 2726 post
569 2639 718 2706 libellum
737 2645 845 2706 ortum
863 2657 937 2705 esse
954 2658 1062 2724 paene
1080 2646 1204 2706 certum
1222 2646 1324 2718 esset;
1342 2639 1451 2723 spatio

240 2821 244 2842 ¹
274 2747 363 2812 enim
389 2747 535 2833 quodam
561 2748 724 2833 temporis
748 2748 937 2814 intermisso
955 2746 997 2813 de
1016 2748 1071 2814 illo
1089 2747 1280 2833 spectaculo
1299 2765 1367 2812 non
1386 2747 1451 2812 iam

274 2856 397 2921 multos
435 2856 593 2922 homines
631 2853 822 2922 recordatos
861 2873 934 2921 esse
975 2873 1171 2940 persuasum
1208 2854 1354 2932 habebit,
1395 2854 1451 2938 qui

273 2963 429 3047 quotiens
448 2963 662 3048 imperatores
676 2962 819 3029 Romani
837 2963 955 3048 populi
973 2961 1228 3028 admirationem
1242 2962 1341 3028 rebus
1355 2961 1452 3027 novis

273 3076 304 3135 et
329 3068 486 3136 inauditis
511 3088 645 3137 movere
669 3068 866 3148 studuerint,
891 3069 1088 3136 meminerit.

378 3177 452 3242 lam
469 3195 548 3243 vero
566 3178 741 3262 quaeritur,
767 3195 847 3244 num
866 3177 1015 3263 proiecto
1032 3176 1177 3243 Tritonis
1202 3177 1356 3242 machina
1381 3183 1450 3242 turn

272 3283 432 3368 temporis
468 3285 611 3370 primum
648 3285 785 3370 cognita
809 3287 861 3352 sit.
910 3282 1021 3366 Quam
1053 3303 1121 3350 rem
1152 3291 1187 3350 ut
1218 3281 1450 3362 diiudicemus,

273 3392 416 3477 primurn
440 3391 626 3471 videamus,
651 3412 732 3458 num
757 3394 821 3459 alia
838 3398 967 3460 exstent
984 3392 1186 3469 testimonia,
1212 3389 1346 3468 deinde,
1371 3390 1452 3474 quid

273 3499 400 3564 ratione
425 3498 697 3566 concludendum
715 3501 766 3580 sit,
792 3501 1044 3585 investigemus.
1084 3498 1280 3566 Machinam'
1303 3495 1450 3580 quidem,

273 3624 374 3690 quam
401 3605 453 3671 hic
477 3605 616 3690 scriptor
640 3606 803 3692 depingit,
828 3626 965 3692 prorsus
982 3605 1146 3672 diversam
1172 3622 1246 3670 esse
1271 3602 1451 3684 aTritone,

273 3714 329 3797 qui
354 3712 445 3798 apud
471 3712 640 3778 Heronem
666 3715 815 3794 occurrit,
841 3733 943 3782 nemo
960 3733 1030 3780 non
1047 3713 1152 3792 videt;
1179 3712 1232 3778 hic
1253 3711 1342 3778 enim
1368 3711 1451 3797 phy-

272 3821 361 3887 sicus
392 3821 434 3887 de
465 3821 670 3888 balinearum
704 3821 898 3889 fornacibus
933 3823 1034 3889 verba
1067 3821 1145 3887 iacit
1181 3825 1355 3904 nanatque
1392 3819 1452 3885 bas

272 3946 373 4013 saepe
407 3929 583 3994 instructas
613 3928 717 3994 inisse
750 3928 861 3995 fistula
895 3929 926 3995 vi
957 3929 1093 4013 vaporis
1124 3927 1263 4011 agitata,
1297 3944 1384 4011 quae
1417 3927 1450 3992 in

271 4033 415 4102 Tritonis
448 4036 559 4121 pusilli
591 4036 734 4120 figuram
769 4035 935 4102 desineret
965 4036 1136 4122 (ζωδάρισν
1172 4034 1451 4120 ἐσχηματισμένον

272 4143 315 4218 εἰς
339 4141 484 4227 Τρίτωνα
501 4139 565 4208 Ικαὶ
589 4147 663 4229 ἔχον
689 4145 721 4208 ἐν
746 4152 789 4229 τῷ
813 4145 946 4230 στόματι
964 4144 1128 4229 σάλπιγγα
1154 4143 1293 4208 Pneum.
1319 4141 1341 4207 ll
1358 4141 1401 4208 35
1418 4160 1450 4227 p.

271 4247 337 4315 320
353 4248 480 4336 Scbm.)
503 4250 661 4317 Machina
686 4259 796 4318 autem
823 4253 865 4318 ab
882 4253 1013 4318 Aetnae
1030 4259 1165 4318 auctore
1190 4256 1451 4316 commemorata

271 4357 404 4441 vaporis
437 4359 602 4445 particeps
635 4367 790 4438 nonest,
826 4358 887 4426 sed
922 4365 996 4425 aere
1032 4377 1147 4444 presso
1179 4364 1340 4435 movetur,
1374 4375 1450 4423 cum

272 4463 424 4527 collectus
448 4486 552 4546 σφισι)
576 4467 660 4532 aeris
677 4466 803 4532 aditum
822 4473 914 4550 regat
938 4465 991 4551 (cf.
1011 4464 1217 4532 Hildebrand
1235 4466 1255 4530 l.
1274 4466 1293 4530 l.
1312 4483 1343 4550 p.
1362 4463 1450 4548 439).

272 4568 442 4635 Praeterea
474 4570 619 4639 Heronis
649 4572 762 4640 Triton
798 4575 870 4660 ipse
901 4577 973 4640 tam¹
1003 4575 1094 4659 parvi
1128 4574 1290 4640 momenti
1323 4579 1382 4652 est,
1417 4581 1453 4640 ut

273 4677 374 4742 risum
403 4686 560 4759 moveret,
590 4679 647 4764 qui
673 4681 800 4747 minuta
824 4682 878 4747 illa
903 4680 1009 4766 ligura
1035 4681 1206 4748 nominata
1231 4687 1337 4747 totum
1363 4699 1452 4766 opus

271 4782 437 4854 indicasse
462 4784 525 4851 sibi
549 4785 722 4853 videretur.
