3558 5458
819 477 1040 552 ..14-

342 717 417 768 esse
445 697 615 780 sciremus,
645 703 724 766 tunc
753 715 834 766 sane
865 697 980 766 omnia
1005 695 1265 766 llruclriewiczio
1297 695 1516 772 concederem

343 825 488 894 eumque
512 813 661 876 sectarer:
699 804 767 874 Sed
784 824 860 876 cum
878 812 1013 892 poetam
1031 824 1102 874 non
1118 824 1136 872 e
1152 805 1218 874 vita
1235 805 1308 891 ipsa
1331 805 1393 876 sed
1410 824 1427 874 e
1444 805 1518 874 lon·

342 915 432 984 tibus
449 913 579 999 scriptis
597 913 748 982 hausisse
765 913 848 982 locis
865 913 1042 994 similibus,
1061 914 1118 997 qui
1134 913 1225 1000 apud
1242 913 1327 980 alios
1343 913 1519 998 scriptores

343 1027 482 1101 exstant,
513 1021 689 1107 probatum
720 1021 770 1100 sit,
807 1019 968 1088 accidisse
1002 1038 1135 1100 censeo,
1166 1026 1201 1088 ut
1229 1021 1396 1107 exemplar
1420 1039 1518 1088 suum

343 1136 410 1197 tam
436 1134 585 1196 accurate
610 1128 644 1195 in
668 1145 783 1196 versus
807 1127 979 1214 redigeret,
1011 1134 1046 1194 ut
1070 1128 1180 1196 etiam
1194 1146 1232 1196 ea
1256 1135 1407 1207 servaret,
1433 1147 1519 1213 quae

343 1235 441 1321 plane
470 1242 547 1322 apta
577 1253 647 1304 non
676 1235 741 1304 iam
772 1242 873 1304 erant.
921 1235 1006 1303 Eum
1032 1235 1195 1321 pictorum
1221 1235 1279 1303 arti
1304 1253 1375 1304 non
1398 1235 1518 1304 lavisse

341 1361 467 1423 versus,
497 1343 539 1412 de
564 1343 687 1430 quibus
710 1343 852 1429 agimus,
877 1347 1050 1423 testantur3
1077 1361 1192 1412 nonne
1208 1341 1339 1410 credere
1356 1342 1519 1416 debemus

342 1469 419 1518 eum
457 1450 592 1518 artificia
628 1469 698 1519 non
734 1451 921 1518 curavisse?
957 1450 1048 1534 Quid
1084 1453 1215 1532 mirum,
1245 1451 1347 1538 quod,
1384 1471 1458 1524 cum
1485 1453 1518 1518 in

342 1559 443 1625 libelli
480 1559 531 1625 sui
567 1559 676 1634 verbis
712 1559 905 1638 inhaereret,
930 1560 1012 1641 tales
1036 1578 1087 1626 res
1111 1567 1168 1626 aut
1194 1578 1263 1627 non
1287 1559 1519 1628 animadvertit

343 1672 400 1734 aut
438 1645 566 1733 mutare
605 1667 747 1752 sprevit?
810 1666 901 1732 Nihil
941 1666 1039 1750 igitur
1078 1665 1119 1732 de
1158 1667 1344 1733 tabularum
1390 1668 1518 1734 illarum

343 1774 665 1841 commemoratione
701 1772 870 1852 discimus,
907 1773 971 1838 nisi
1005 1773 1145 1852 iontem,
1182 1791 1250 1858 quo
1288 1774 1320 1841 in
1350 1782 1441 1860 parte
1466 1776 1519 1841 illa

343 1881 451 1960 utitur,
481 1898 522 1947 eo
547 1887 698 1965 tempore
727 1881 884 1964 scriptum
911 1898 995 1959 esse,
1027 1899 1094 1966 quo
1121 1880 1194 1947 illae
1219 1881 1371 1947 nondum
1390 1881 1516 1950 Romae

345 1994 436 2054 erant
460 1986 494 2074 (i.
513 2006 540 2054 e.
558 1994 635 2054 ante
660 2006 688 2054 a.
714 1987 867 2053 46.-44.
885 2007 913 2052 a.
929 1987 988 2054 Ch.
1008 1987 1054 2073 n.)

450 2093 517 2160 lam
531 2094 689 2161 adfinem
705 2095 804 2160 huius
817 2095 918 2179 partis
931 2113 1121 2180 pergamus,
1139 2112 1215 2162 cum
1229 2094 1271 2160 ad
1286 2095 1518 2181 quaestionem

343 2202 431 2269 illam
468 2202 664 2288 saepissime
700 2209 867 2269 tractatam
898 2201 1096 2269 accedamus
1125 2219 1211 2287 quae
1236 2209 1285 2269 est
1308 2202 1350 2269 de
1374 2201 1518 2278 Tritone.

342 2308 538 2394 Priusquam
575 2317 685 2376 autem
722 2328 789 2376 rem
827 2310 933 2395 ipsam
960 2310 1132 2396 explicem,
1166 2310 1207 2376 de
1232 2316 1388 2379 contextu
1412 2327 1519 2395 pauca

343 2415 463 2483 dicam.
511 2416 596 2484 Libri
622 2417 664 2483 ita
689 2416 821 2483 tradunt
844 2435 976 2482 versum
1001 2417 1081 2483 294:

542 2562 619 2606 nuru
643 2541 745 2606 oelrtlz'
767 2545 863 2606 sonat
885 2563 942 2606 oru
966 2543 1030 2607 drrc
1055 2541 1172 2608 trilono
1196 2563 1311 2607 cancro
1358 2541 1385 2607 0

699 2670 756 2714 ora
779 2653 847 2733 (ore
871 2648 935 2732 Ar)
958 2649 1018 2714 diu
1042 2649 1163 2714 tritona
1188 2670 1304 2714 canoro
1350 2672 1368 2713 r
1392 2648 1442 2712 Ar

448 2774 555 2841 Variis
573 2775 684 2842 modis
701 2793 819 2842 sanare
832 2774 1030 2841 studuerunt
1046 2774 1158 2840 locum
1171 2793 1222 2840 vv.
1236 2772 1291 2840 dd.
1303 2772 1519 2842 hrundeliani

342 2881 520 2948 lectionem
547 2901 616 2948 uno
641 2883 743 2949 verbo
769 2881 890 2946 tritono
912 2883 945 2949 in
964 2880 1082 2945 tritone
1098 2887 1244 2947 correcto
1262 2881 1295 2946 in
1314 2879 1519 2950 editionibus

342 2990 413 3056 suis
432 2988 591 3056 Sudhaus
615 2996 647 3055 et
662 2990 846 3056 Vessereau
864 2995 1035 3056 servarunt
1052 3007 1161 3074 neque
1178 3007 1256 3054 vero
1273 2987 1395 3055 eodem
1415 2988 1519 3056 modo

343 3097 603 3183 explicaverunt,
649 3115 724 3163 cum
765 3095 923 3164 Sudhaus
968 3096 1067 3162 maris
1113 3114 1204 3163 oram
1246 3096 1450 3180 intellegeret
1488 3103 1520 3163 et

342 3203 511 3271 Tritonem
537 3204 579 3272 ita
596 3203 738 3270 describi
755 3204 942 3282 declararet,
968 3211 1003 3270 ut
1025 3204 1058 3270 in
1077 3203 1285 3292 mythologia
1302 3202 1372 3270 lieri
1388 3204 1519 3283 soleret,

344 3311 424 3380 alter
453 3318 564 3378 autem
588 3332 618 3378 v.
644 3311 676 3377 d.
701 3311 743 3381 de
767 3311 894 3378 Tiberis
925 3312 1004 3396 ripis
1033 3312 1192 3396 cogitaret
1214 3310 1374 3379 Aeneidis
1397 3312 1416 3377 l.
1439 3311 1471 3376 ll.
1488 3330 1518 3376 v.

345 3419 409 3485 788
438 3417 585 3504 laudato,
617 3419 673 3484 ubi
703 3418 754 3482 lis
780 3470 786 3484 .
813 3471 820 3485 .
845 3418 911 3482 oris
940 3438 1000 3505 pro
1031 3437 1152 3504 campo
1180 3419 1300 3487 Martio
1331 3420 1364 3486 in
1393 3418 1520 3485 Tiberis

343 3526 412 3611 ripa
447 3526 511 3593 sito
548 3525 718 3593 diceretur.
777 3526 896 3610 Neque
931 3545 1009 3593 vero
1047 3525 1216 3593 Sudhausi
1253 3528 1429 3612 explicatio
1466 3525 1519 3591 illa

343 3639 427 3700 stare
452 3640 572 3718 potest,
598 3652 675 3700 nam
701 3634 773 3700 sine
798 3634 903 3700 dubio
928 3632 969 3700 de
995 3635 1159 3712 machina,
1184 3654 1254 3702 non
1280 3635 1321 3701 de
1339 3653 1372 3701 re
1389 3635 1520 3720 mytho·

342 3741 452 3825 logica
487 3748 603 3808 auctor
637 3742 736 3808 verba
760 3741 851 3820 iacit;
888 3760 988 3825 quare
1013 3740 1229 3809 doctissimus
1254 3743 1307 3809 ille
1331 3743 1379 3808 vir
1403 3747 1520 3826 postea

343 3846 447 3932 (Gon.
483 3850 548 3933 gel.
579 3847 661 3915 llnz.
695 3847 778 3915 1903
813 3867 844 3934 p.
870 3849 949 3936 548)
979 3851 1169 3934 proposuit:
1206 3854 1302 3914 sonui
1335 3847 1519 3929 orpuuieus,

344 3955 436 4040 quod
473 3943 714 4042 llildebrand¹)¹
749 3957 885 4042 accepit.
934 3957 1034 4023 llunc
1064 3957 1127 4023 sibi
1157 3957 1254 4039 lingit
1278 3954 1436 4021 Sudhaus
1460 3955 1519 4021 ho-

344 4061 480 4142 minem,
516 4064 573 4148 qui
605 4065 795 4133 varietatem
825 4081 986 4130 sonorum
1012 4070 1181 4148 temperet,
1211 4081 1287 4129 cum
1314 4061 1520 4129 Hildebrand

345 4185 449 4236 unum
489 4189 611 4237 sonum
652 4171 792 4254 longum
834 4189 896 4237 nec
931 4171 1040 4237 varios
1075 4168 1209 4235 Tritone
1247 4167 1343 4234 iundi
1379 4168 1521 4236 declaret

344 4273 489 4360 ideoque
526 4278 721 4360 organicum
758 4277 888 4344 labrum
925 4282 1027 4363 putet,
1063 4276 1120 4360 qui
1157 4275 1331 4342 machinae
1357 4278 1519 4344 consulat.

344 4380 508 4465 Equidem
540 4385 729 4451 coniectura
759 4403 828 4451 non
854 4403 942 4470 opus
967 4401 1039 4449 esse
1065 4383 1247 4468 putaverim
1273 4389 1304 4449 et
1328 4391 1519 4451 contextum

344 4489 535 4574 receperim,
560 4510 660 4576 quem
678 4493 861 4558 Vessereau
880 4489 1044 4569 delendit;
1069 4491 1195 4576 optime
1213 4490 1302 4557 enim
1321 4492 1521 4576 intellegitur

347 4615 555 4626 n—-.--——..

451 4669 474 4740 ¹)
495 4667 682 4734 Hildebrand,
704 4667 911 4736 „Rhetorische
931 4666 1109 4744 Hydraulilc“
1130 4667 1232 4724 Philol.
1254 4669 1323 4726 1906
1342 4687 1368 4743 p.
1388 4669 1449 4725 438.
