3558 5458
785 517 1006 588 ..33-

412 734 453 805 lis
482 734 575 814 locis,
606 751 693 820 quos
728 739 805 804 ante
834 734 898 804 hos
922 730 1187 820 quattuordecim
1217 752 1326 803 annos
1356 733 1483 802 Hosius

307 842 489 929 collegerat
520 843 677 931 (quorum
713 849 838 928 partem
876 850 911 910 ut
939 841 1166 910 similitudinis
1190 843 1480 932 minoris‘omisi),

305 951 520 1020 doctissimus
560 951 613 1016 ille
648 950 697 1016 vir
731 951 950 1018 imitationem
990 969 1059 1018 non
1096 951 1228 1036 probari
1264 951 1480 1033 indicaveram

306 1059 534 1145 compluribus
558 1059 641 1126 locis
665 1076 684 1124 a
709 1076 762 1124 me
779 1058 916 1125 adiectis
940 1057 1051 1126 adhuc
1067 1057 1191 1126 dubius
1214 1059 1347 1140 haereo,
1372 1067 1480 1127 utrum

306 1167 336 1234 ei
360 1167 521 1234 assentiar
545 1184 588 1234 an
614 1184 694 1233 non.
741 1165 963 1232 Verisimilius
986 1172 1097 1234 autem
1128 1167 1323 1252 putaverim,
1349 1167 1481 1235 alterius

305 1293 393 1361 opus
417 1274 508 1342 alteri
533 1274 735 1353 innotuisse;
773 1292 883 1360 neque
906 1292 985 1342 vero
1017 1281 1088 1342 uter
1112 1274 1200 1362 prior
1222 1275 1329 1355 fuerit,
1365 1293 1406 1343 ex
1430 1275 1482 1342 his

304 1380 387 1450 locis
412 1381 594 1448 diiudicare
619 1382 740 1449 audeo.
1209 1445 1210 1450 ,
1269 1433 1271 1437 -

412 1489 523 1571 Quare
549 1490 614 1555 iam
640 1508 823 1574 pergamus
848 1490 890 1556 ad
918 1508 993 1557 eam
1016 1491 1251 1575 quaestionem
1276 1492 1479 1558 tractandam

304 1597 346 1664 de
371 1615 436 1682 qua
461 1597 562 1664 multi¹
585 1597 694 1665 adhuc
717 1598 776 1664 viri
802 1598 890 1665 docti
916 1596 1150 1678 disseruerunt,
1182 1605 1290 1666 utrum
1315 1598 1478 1666 Senecam

304 1712 419 1772 auctor
441 1703 568 1770 Aetnae
585 1705 714 1771 noverit
738 1723 780 1771 an
797 1705 945 1771 vicissim
971 1705 1025 1771 ille
1042 1706 1133 1772 hunc
1149 1713 1284 1790 poetam
1303 1706 1481 1790 respexerit

304 1831 346 1877 an
366 1827 498 1879 carmen
516 1814 546 1879 ei
564 1814 718 1898 ignotum
731 1813 849 1880 luerit?
865 1811 914 1880 hc
927 1813 1070 1899 primum
1088 1812 1224 1899 quidem
1243 1814 1478 1898 inquirendum

304 1919 337 1984 in
354 1920 554 2004 tragoedias,
580 1938 719 2005 quarum
737 1921 899 1987 rationem
917 1920 1075 1987 habuisse
1092 1928 1239 2007 poetam,
1264 1920 1306 1987 de
1323 1938 1391 2006 quo
1409 1919 1478 2005 agi-

303 2045 389 2105 mus,
413 2026 535 2093 Birtius
559 2024 752 2117 contendit;'
771 2027 898 2094 Aetnae
923 2027 1012 2094 enim
1037 2045 1152 2095 versus
1176 2028 1218 2094 76
1235 2046 1308 2113 sqq.

313 2135 315 2140 ’
403 2133 555 2217 plurimo
574 2155 656 2218 pars
679 2155 794 2200 saeuae
817 2156 927 2200 rerum
951 2139 999 2200 est
1019 2133 1174 2218 follonia·
1197 2139 1285 2200 vales

408 2241 468 2306 sub
493 2240 590 2306 iureis
613 2241 725 2326 nipros
742 2241 903 2306 'viderunt
926 2241 1070 2308 carmine
1092 2230 1205 2306 monas
1230 2241 1277 2328 (et
1300 2241 1388 2328 sqq.)

302 2347 344 2413 ad
370 2348 564 2435 philosophi
596 2348 772 2417 Herculem
797 2348 982 2416 Furentem.
1005 2347 1197 2416 referendos
1221 2367 1295 2414 esse
1319 2349 1478 2434 opinatus

302 2461 361 2534 est,
393 2456 449 2540 qui
481 2474 498 2521 e
527 2454 660 2523 Tartaro
690 2457 833 2536 revertit;
863 2457 896 2522 in
929 2474 995 2540 qua
1022 2455 1135 2522 fabula
1165 2462 1196 2523 et
1225 2455 1267 2522 de
1296 2455 1476 2522 inferorum

304 2559 435 2627 iudiciis
452 2562 495 2649 (v.
513 2562 580 2629 730
596 2562 684 2648 sqq.)
701 2569 733 2630 et
750 2563 793 2629 de
809 2563 1005 2631 hominibus
1022 2564 1085 2630 illis
1102 2562 1235 2630 nefariis
1251 2562 1295 2649 (v.
1313 2562 1378 2629 750
1390 2562 1478 2650 sqq.)

301 2675 416 2736 auctor
448 2669 602 2755 loquitur.
652 2671 726 2738 Hoc
759 2678 993 2754 argumentum
1028 2670 1110 2736 nihil
1134 2669 1231 2750 valet,
1266 2688 1343 2736 nam
1368 2689 1477 2755 paene

302 2793 422 2843 omnes
469 2777 694 2864 philosophos
745 2779 779 2844 in
827 2778 880 2845 illa
922 2782 1077 2860 portento
1114 2782 1288 2859 poetarum
1327 2778 1476 2846 invectos

301 2901 375 2949 esse
404 2885 617 2951 notissimum
650 2892 708 2952 est.
756 2885 868 2966 Quare
904 2887 987 2952 haec
1022 2885 1191 2952 mittamus
1216 2891 1257 2964 et,
1294 2903 1374 2951 num
1411 2885 1475 2952 loci

301 2997 430 3058 exstent
445 2991 582 3072 similes,
608 3011 818 3077 quaeramus.
859 2993 958 3074 Quos
973 2977 1164 3078 frequentes
1187 3010 1261 3060 esse
1286 3011 1355 3060 non
1373 3011 1475 3078 posse

301 3087 566 3165 consentaneum
592 3108 655 3178 est;
682 3119 759 3166 nam
783 3108 817 3168 et
841 3120 891 3168 res
916 3107 948 3168 et
963 3100 1069 3168 lorma
1094 3102 1137 3168 ab
1162 3108 1302 3186 utroque
1327 3100 1475 3168 adhibita

300 3205 399 3291 plane
424 3206 573 3274 diversae
596 3215 684 3274 sunt.
715 3216 718 3220 ’

322 3312 360 3378 31
377 3334 589 3380 -reaonoro
612 3315 761 3382 cavonis
780 3315 814 3401 (i.
829 3315 883 3402 cl.)
907 3315 990 3402 Thy.
1014 3316 1079 3383 579
1103 3354 1146 3363 -
1170 3320 1302 3384 resonat
1326 3314 1474 3383 canonia

978 3423 1012 3510 (i.
1031 3423 1084 3510 cl.)

322 3527 364 3594 54
377 3527 509 3613 Jupiter
533 3534 562 3595 et
586 3529 672 3596 coelo
695 3531 808 3614 anatoli
909 3529 1047 3598 Phaedr.
1077 3531 1161 3597 1245
1185 3536 1330 3608 meluens
1353 3531 1440 3598 coelo

1293 3638 1473 3722 lophos

321 3744 443 3810 69lum
461 3743 559 3811 Liber
582 3750 703 3812 cessato
720 3746 809 3813 vonit
822 3767 883 3830 per
907 3747 949 3812 H.
976 3746 1049 3814 Fur.
1080 3747 1136 3835 (de
1162 3745 1318 3832 Hercule)
1348 3769 1408 3814 neo
1435 3747 1473 3813 in

375 3851 484 3918 sidero
1270 3859 1361 3922 ostro
1385 3855 1473 3924 lenta

951 3963 1058 4030 veniel
1079 3967 1116 4030 ul
1140 3961 1292 4030 Bocchus
1314 3963 1370 4030 oin

297 4109 323 4159 et
352 4105 461 4174 sopiens
491 4105 604 4160 molitor
634 4104 697 4187 Q
728 4105 787 4174 (II)
815 4125 869 4188 Q
902 4108 1028 4163 dolituri
1048 4109 1140 4172 fauces
1166 4107 1314 4178 mundique
1339 4109 1370 4164 in
1394 4108 1473 4165 deuio

350 4194 472 4263 nympha
489 4194 620 4264 perennia
937 4215 1045 4253 vet-snm

297 4282 354 4337 edil
363 4282 476 4338 leumiim
490 4283 555 4338 limo
568 4285 717 4355 sortitoque
729 4286 867 4342 obstantia
903 4287 984 4342 duait
1007 4287 1073 4366 it-er2
1091 4285 1152 4354 (ll)
1170 4303 1234 4367 ιρι...
1245 4287 1388 4344 barbarica
1411 4305 1472 4346 ctam

332 4372 428 4439 mollit,
621 4421 623 4428 .
937 4377 1065 4446 lonrpado
1084 4377 1192 4446 Python

296 4460 434 4529 (illiont
447 4463 531 4518 eliam
542 4463 643 4543 inclusi
652 4465 769 4520 solidum
782 4467 866 4521 vicera
901 4467 980 4530 arsit,
1012 4467 1043 4521 in
1073 4459 1224 4522 immensos
1254 4467 1356 4524 citteres
1382 4469 1472 4526 obiero

332 4568 446 4620 vapores
797 4565 799 4573 ⁸
937 4572 1068 4610 cavernas

296 4643 377 4710 alque
391 4640 450 4708 emi
463 4642 652 4722 quaesitor-rig.
658 4648 697 4699 eal
703 4642 758 4712 ,·(l
765 4645 867 4725 DQ
903 4649 928 4700 et
957 4645 1057 4702 llioeoi
1085 4650 1193 4703 tonitura
1212 4647 1302 4729 ario—m
1323 4645 1402 4718 (ill)
1423 4667 1470 4706 seo

332 4729 427 4785 omnio
446 4729 526 4786 cartis
940 4740 1035 4805 epotato
1053 4736 1162 4792 deorum
1182 4774 1188 4790 .
1208 4775 1214 4790 .
1288 4776 1295 4791 .
1315 4776 1322 4792 .

296 4835 451 4892 popnoaera
469 4819 534 4878 locis
891 4824 962 4895 (IV)
982 4842 1036 4911 [ει-4,
1050 4825 1144 4884 Poeno
1164 4864 1280 4886 ·····
