3558 5458
785 521 1006 593 „m-

412 738 486 808 Jam
523 743 602 808 vero
639 759 820 826 pergamus
855 740 898 807 ad
928 739 1011 807 haec
1044 741 1144 808 verba
1172 755 1328 808 versuum
1359 738 1482 810 exitum

305 847 497 915 formantia:
517 846 718 929 penitusque
740 867 912 924 cavernam
936 866 1022 933 quae
1040 853 1151 914 extant
1173 848 1206 936 in
1222 846 1349 915 Aetnae
1372 869 1403 915 v.
1417 848 1483 916 309

306 962 338 1024 et
362 955 396 1022 in
412 953 572 1024 Aeneidis
596 955 615 1021 l.
630 955 652 1020 ll
673 975 703 1021 v.
721 954 770 1021 19.
795 950 906 1035 Quam
926 953 1062 1040 quidem
1081 953 1330 1039 copulationem
1349 955 1484 1022 maioris

307 1064 469 1131 momenti
494 1081 568 1130 esse
593 1063 747 1130 existimo
772 1081 872 1148 quam
897 1063 1012 1130 talium
1035 1063 1257 1130 clausularum
1275 1064 1400 1150 passim
1425 1063 1482 1130 ad·

307 1170 495 1251 hibitarum,
520 1171 637 1256 quales
661 1177 754 1238 sunt:
775 1174 905 1252 pectore
928 1190 1035 1252 esurus,
1065 1191 1206 1251 aequora
1229 1170 1343 1253 oeulis,
1368 1170 1483 1237 nubila

306 1277 388 1344 caeli
415 1285 476 1346 etc.
523 1278 558 1345 ln
587 1296 719 1345 versum
750 1284 860 1345 autem
889 1275 1016 1344 Aetnae
1033 1279 1149 1345 ¹verba
1179 1278 1290 1345 minus
1319 1278 1483 1364 quadrant

306 1404 407 1472 quarn
432 1387 466 1453 in
491 1385 628 1452 alterum
653 1385 782 1465 locum;
808 1385 953 1469 legimus
977 1385 1066 1452 enim
1092 1385 1125 1452 in
1151 1386 1295 1453 carmine
1320 1386 1392 1452 illo:

394 1492 459 1559 309
483 1492 561 1557 Nou
584 1492 721 1557 dubium
744 1511 844 1574 rupes
868 1491 998 1574 aliquas
1016 1492 1217 1574 penitusque
1240 1514 1397 1558 cavernas

485 1620 646 1682 proruere
668 1599 795 1683 iupeuu
817 1598 928 1664 souitu
951 1599 1012 1687 (sic
1036 1606 1121 1666 recte
1144 1598 1289 1686 Aldina).

307 1708 391 1775 Cum
422 1708 464 1775 ad
493 1714 597 1774 totam
626 1708 826 1774 sententiam
855 1708 994 1775 verbum
1019 1706 1156 1789 penitus
1184 1707 1370 1791 pertineret,
1405 1727 1480 1776 cum

305 1834 346 1882 eo
372 1835 442 1882 uon
460 1815 700 1900 coniungenda
719 1823 786 1882 erat
802 1817 921 1882 vocula
946 1837 1016 1896 que,
1043 1834 1143 1900 quam
1162 1835 1261 1896 reaper
1277 1822 1309 1881 et
1326 1835 1482 1882 eaoeruas

305 1924 462 2009 copulare
492 1939 580 2008 opus
609 1930 686 1990 erat.
743 1922 811 1990 Sed
838 1922 989 1989 Maronis
1018 1923 1095 1988 loco
1127 1922 1182 1988 illo
1212 1940 1337 1988 novum
1367 1922 1483 2008 incipit

305 2030 515 2096 enuntiatum
542 2049 617 2096 cum
642 2031 745 2097 verbo
758 2029 906 2111 peur’fus,
931 2031 984 2096 cui
1008 2050 1070 2112 que
1085 2028 1243 2116 particula
1268 2036 1344 2114 apte
1369 2030 1481 2097 addita

305 2144 364 2216 est,
390 2144 426 2203 ut
450 2138 532 2204 haec
549 2138 735 2204 enuntiatio
753 2157 828 2204 cum
847 2145 1027 2223 praeeunte
1044 2137 1227 2222 colligetur.
1268 2136 1380 2219 Quare
1404 2156 1480 2204 cum

307 2243 398 2328 apud
433 2244 570 2311 alterum
603 2245 751 2312 clausula
780 2252 857 2331 apta
881 2245 932 2323 sit,
969 2244 1060 2329 apud
1084 2245 1220 2312 alterum
1246 2245 1482 2311 consuetudini

304 2352 469 2418 sermonis
491 2353 664 2437 repugnet,
690 2353 755 2418 hoc
771 2370 908 2437 quoque
925 2352 1000 2418 loco
1016 2349 1144 2418 Aetnae
1160 2359 1328 2419 auctorem
1346 2358 1480 2438 poetam

304 2458 395 2526 illum
421 2459 671 2526 celeberrimum
697 2460 860 2526 imitatum
885 2477 959 2526 esse
984 2458 1207 2526 indicaverim.

386 2566 500 2632 'idem
525 2568 620 2652 sequi
644 2567 773 2633 videtur
797 2584 837 2633 ex
853 2584 949 2633 versu
974 2566 1049 2645 599,
1075 2567 1132 2652 qui
1153 2568 1257 2652 vulgo
1281 2568 1329 2634 sic
1346 2567 1480 2653 legitur:

438 2678 469 2738 el
490 2673 557 2738 aaut
580 2673 669 2739 mille
692 2694 812 2739 urauua
835 2695 968 2756 operum
994 2674 1169 2755 turbaeque
1191 2679 1372 2740 moraniur.

304 2800 382 2847 nam
407 2789 439 2848 et
461 2784 581 2848 vocula
598 2803 659 2865 que
674 2783 876 2867 transposita
901 2787 960 2862 est,
986 2801 1061 2849 cum
1079 2800 1219 2867 operum
1237 2784 1353 2850 turbae
1378 2800 1479 2849 unam

304 2887 449 2956 efficiant
474 2889 660 2968 notionem,
686 2898 719 2956 et
742 2889 878 2956 duobus
902 2890 1012 2956 verbis
1036 2888 1125 2955 idem
1150 2889 1372 2974 significatum
1398 2886 1481 2974 quid

304 2980 397 3063 enini‘
418 2994 510 3062 aliud
533 3004 612 3064 sunt
637 3016 758 3064 manus
783 2998 847 3064 nisi
872 2998 995 3082 opera?
1042 2995 1201 3064 Sudhaus
1225 2996 1361 3083 quidem
1386 2995 1481 3063 vertit

307 3103 481 3182 ,Hande“,
494 3111 606 3171 tamen
621 3104 763 3172 dubitari
778 3124 847 3172 non
861 3112 981 3192 potest,
996 3105 1077 3189 quin
1088 3117 1208 3171 uauua
1217 3106 1324 3190 figura
1336 3103 1481 3188 quadam

303 3229 364 3295 pro
395 3229 436 3278 eo
471 3211 595 3278 dictum
625 3213 676 3292 sit,
711 3213 804 3297 quod
835 3213 883 3280 eis
914 3212 1036 3279 factum
1071 3219 1121 3278 est
1149 3212 1362 3298 (Vesseream
1394 3210 1483 3276 uilla

304 3322 447 3383 lraaaua
477 3319 665 3404 d’uru'afes).
724 3321 847 3405 Vergili
881 3327 991 3387 autem
1026 3338 1151 3400 versus,
1188 3339 1277 3407 quos
1310 3319 1483 3388 adnotavit

302 3423 468 3509 Alzinger,
495 3427 621 3511 optime
647 3428 900 3512 intelleguntur:

346 3531 429 3601 Aen.
454 3533 483 3600 X
510 3533 571 3601 167
595 3535 654 3600 sub
679 3555 740 3616 quo
764 3534 823 3622 (sc.
850 3534 992 3600 Massico
1016 3539 1136 3620 urauie)
1160 3535 1259 3602 mille*
1274 3555 1394 3599 marrus

948 3642 1103 3707 irroeuuur
1127 3642 1187 3728 (sc.
1215 3644 1324 3724 eraut)

403 3749 413 3816 l
438 3748 503 3817 455
527 3748 756 3832 artificumque
780 3771 899 3816 mauras
922 3750 1053 3815 r'uiraus
1077 3771 1275 3834 operumque
1300 3748 1439 3814 laborem

527 3856 678 3922 rur'rufur.

302 3961 337 4028 Si
351 3963 432 4030 alter
442 3965 580 4031 alterum
595 3967 758 4052 respiciat,
773 3966 865 4051 quod
879 3984 962 4033 sane
976 3984 1036 4051 pro
1051 3972 1139 4032 certo
1154 3985 1225 4034 non
1240 3964 1485 4042 affirmaverim,

301 4068 451 4138 Aeneida
476 4074 646 4159 exemplar
669 4073 771 4140 fuisse
797 4075 942 4144 arbitrer.

408 4178 564 4264 Denique
589 4200 678 4247 unus
699 4182 794 4248 locus
820 4185 883 4251 lrac
906 4182 1035 4250 ratione
1051 4180 1246 4249 tractandus
1271 4185 1332 4255 est,
1356 4190 1488 4244 versum

302 4285 378 4352 dico
403 4286 478 4367 633,
504 4288 562 4354 ubi
587 4295 686 4373 poeta
704 4289 862 4373 pietatem
881 4291 1016 4357 affatur:
1042 4287 1225 4352 ouauiua
1242 4305 1363 4350 reruu.
1394 4282 1492 4363 Quae

301 4392 402 4460 dictio
434 4395 514 4460 satis
545 4414 613 4462 rara
645 4396 696 4462 bis
730 4396 763 4461 in
794 4397 983 4483 Aeneide¹)
1009 4395 1188 4476 invenitur,
1224 4394 1282 4460 ubi
1313 4391 1354 4456 de
1385 4387 1493 4456 Roma

301 4507 401 4586 poeta
430 4500 522 4568 dicit:
554 4502 700 4576 ruauiua
728 4526 838 4569 rrerreru
870 4503 966 4590 quod
993 4504 1120 4570 illustre
1145 4504 1256 4568 visum
1282 4515 1357 4563 esse
1382 4500 1494 4580 poste-

300 4608 442 4675 rioribus
479 4608 558 4676 inde
587 4617 734 4696 apparet,
765 4613 859 4696 quod
891 4609 1070 4680 nonnullis
1101 4609 1187 4676 locis
1217 4603 1386 4675 Manilius·
1416 4603 1495 4670 item

406 4750 727 4822 ummmm
