3558 5458
795 475 1016 552 „50.„

312 706 545 785 argumentum
582 699 693 784 ipsum
729 699 896 767 infirmum
930 708 999 779 est;
1037 701 1260 786 nequeenim
1286 701 1396 768 solum
1420 697 1493 767 hla-

312 807 430 873 nilium
467 807 556 874 hunc
593 807 716 873 exitum
747 808 887 876 evitasse
913 814 1053 887 constat,
1089 807 1273 874 sedetiam
1302 808 1434 875 Persius
1461 815 1495 874 et

314 912 475 982 Martialis
515 913 751 999 spreverunt¹).
815 913 985 981 Praeterea
1027 915 1108 981 illud
1152 914 1196 982 ob
1242 933 1316 982 eam
1358 933 1493 984 causam

315 1020 519 1087 reiciendum
557 1027 616 1100 est,
654 1020 746 1107 quod
781 1021 946 1090 vocabula
982 1021 1015 1087 in
1050 1059 1094 1068 —-
1129 1020 1199 1086 tun
1234 1022 1387 1090 cadentia
1424 1041 1493 1090 non

316 1134 492 1195 occurrunt
528 1128 590 1193 nisi
626 1125 794 1192 silentium
829 1135 861 1196 et
896 1127 1096 1210 incendium,
1132 1148 1275 1214 quorum
1300 1130 1493 1214 genetivum

315 1242 433 1303 auctor
467 1235 634 1314 adhibuit;
671 1236 754 1302 haec
787 1243 898 1303 autem
934 1237 1034 1302 verba
1071 1237 1098 1302 si
1134 1237 1221 1304 exitu
1244 1237 1308 1306 ,illo
1335 1237 1494 1304 instruere

315 1343 486 1422 voluisset,
512 1343 687 1410 elisionem
713 1343 898 1427 graviorem
923 1342 1097 1410 admittere
1121 1350 1256 1410 coactus
1280 1349 1412 1415 esset...
1434 1405 1437 1414 Δ

422 1447 526 1530 Quod
538 1449 697 1516 Sudhaus
711 1450 803 1528 nihil,
821 1449 914 1534 quod
931 1450 1153 1535 posteriorum
1171 1458 1360 1536 temporum
1379 1457 1493 1517 notam

316 1556 483 1641 praebeat,
518 1557 609 1624 velut
644 1563 830 1641 correptum
862 1577 879 1620 o
910 1556 1010 1623 linale
1036 1556 1177 1643 (vendo,
1211 1557 1321 1643 virgo)
1355 1558 1494 1625 inveniri

316 1664 467 1744 ailirmat,
500 1664 530 1730 ei
561 1663 836 1749 respondendum
861 1672 911 1731 est
936 1681 1046 1748 neque
1071 1665 1135 1730 hoc
1160 1682 1269 1749 neque
1294 1665 1494 1732 contrarium

316 1790 335 1839 e
366 1773 511 1838 carmine
541 1772 680 1838 elucere.
728 1771 813 1837 Nam
839 1771 931 1856 quod
957 1771 1044 1837 inv.
1074 1771 1114 1836 10
1137 1792 1227 1836 nemo
1252 1772 1379 1858 syllaba
1403 1771 1495 1839 linali

317 1878 479 1963 producta
504 1877 659 1962 legimus,
683 1885 799 1945 auctor
822 1895 897 1956 cum
923 1879 1036 1946 multis
1055 1879 1128 1946 aliis
1144 1880 1234 1946 velut
1250 1878 1391 1948 Manilio
1408 1879 1495 1958 lacit,

319 1985 376 2069 qui
401 1986 466 2052 hoc
489 1986 628 2052 verbum
654 1985 717 2052 nisi
743 2003 812 2052 uno
837 1985 913 2053 loco
939 2003 1009 2052 non
1032 1985 1231 2072 conipuir2).

423 2092 458 2159 ln
493 2113 524 2167 v.
555 2092 615 2159 178
652 2091 811 2159 Sudhaus
849 2092 1028 2161 locativum
1068 2100 1147 2177 post
1184 2091 1315 2161 Terenti
1354 2099 1495 2162 aetatem

318 2199 481 2267 rarissime
505 2206 731 2267 occurrentem
756 2198 809 2264 dn·
832 2208 957 2267 exstare
980 2200 1146 2279 disseruit,
1172 2218 1282 2284 neque
1303 2218 1382 2267 vero
1398 2201 1495 2270 lectio

318 2315 403 2374 certa
438 2314 497 2387 est,
534 2326 609 2374 cum
634 2307 771 2374 verbum
797 2306 981 2394 Gyraldino
1014 2308 1089 2374 solo
1120 2307 1264 2375 tradatur
1288 2306 1357 2392 (Cz,
1379 2304 1525 2388 illinc),

318 2433 429 2500 neque
454 2415 585 2501 probari
611 2422 721 2510 potest
745 2415 934 2495 locativum,
961 2433 1030 2482 non
1056 2414 1203 2482 dativum
1229 2413 1347 2499 esse³).

424 2522 514 2589 ldem
549 2543 579 2589 v.
603 2522 634 2589 d.
665 2523 762 2588 aliam
796 2522 936 2588 formam
973 2523 1052 2592 satis
1082 2523 1253 2607 antiquam
1288 2523 1321 2588 in
1351 2521 1496 2590 carmine

318 2630 449 2715 reperiri
467 2630 612 2708 monuit;
636 2629 856 2716 Gyraldinum
875 2629 964 2701 enim
982 2630 1228 2716 apographum,
1253 2629 1345 2713 quod
1360 2636 1498 2700 ¹vocatur

318 2755 348 2802 v.
366 2736 431 2802 212
456 2736 503 2802 sic
528 2737 675 2804 exhibet:

441 2842 518 2908 haec
542 2863 660 2910 carnae
684 2845 903 2924 exspectanda
926 2841 1040 2926 ferunt
1064 2841 1217 2908 incendia
1242 2843 1369 2924 montis,

320 2968 407 3035 quae
442 2950 542 3016 verba
578 2949 736 3027 Sudhaus
772 2950 914 3029 retinuit,
952 2950 1015 3015 nisi
1052 2950 1144 3035 quod
1181 2968 1240 3035 pro
1277 2951 1496 3032 conspectando

320 3058 450 3143 scripsit
483 3059 671 3139 spectandae
719 3056 755 3123 Si
790 3063 965 3123 contextus
1000 3064 1085 3124 recte
1121 3057 1169 3124 sic
1205 3057 1405 3124 constitutus
1438 3064 1496 3136 est,

319 3164 415 3231 facile
438 3165 509 3231 lieri
534 3165 656 3251 potuit,
690 3171 726 3231 ut
749 3164 928 3233 scribarum
955 3163 1080 3232 mendo
1105 3165 1161 3231 illo
1187 3165 1375 3244 notissimo,
1405 3164 1497 3249 quod

320 3279 457 3339 vocatur
481 3273 698 3357 διττογραφία,
723 3290 828 3340 unum
853 3292 869 3336 e
894 3271 1132 3357 duplicaretur;
1157 3273 1240 3338 haec
1263 3279 1374 3339 autem
1399 3271 1497 3338 lectio

321 3379 546 3447 offensionem
564 3380 663 3446 etiam
681 3381 726 3446 ob
744 3378 1025 3463 significationem
1043 3379 1134 3445 verbi
1144 3377 1391 3460 far-nntmovet,
1405 3377 1498 3463 quod

320 3487 374 3552 vix
412 3486 584 3554 tolerabile
623 3503 697 3552 esse
736 3478 824 3583 ra'tus
859 3484 927 3551 Birt
966 3486 1128 3570 corrigere
1162 3485 1268 3553 voluit
1303 3486 1337 3552 in
1377 3489 1497 3550 areant.

321 3592 390 3660 Sed
424 3611 500 3660 cum
536 3600 643 3661 textus
672 3589 798 3659 codicis
822 3591 848 3660 C
872 3591 1026 3662 facillima
1050 3592 1404 3666 correcturaadhibita
1425 3592 1500 3675 (hue

321 3699 499 3786 protunc)
524 3701 650 3785 optime
675 3698 748 3779 stel,
773 3701 863 3766 hunc
887 3719 962 3768 cum
988 3699 1103 3767 Ellisio
1127 3701 1322 3785 receperim:

407 3845 409 3848 ·
482 3807 542 3873 hac
565 3827 667 3874 cansa
691 3810 876 3890 exspectata
899 3811 1005 3872 rnnnt
1026 3807 1181 3873 incendia
1204 3806 1332 3872 montis.

429 3914 548 4000 Neque
588 3915 666 3982 inde
705 3913 884 4000 quicquam
926 3933 1027 4000 posse
1066 3915 1164 3995 ellici,
1205 3914 1298 4000 quod
1338 3915 1371 4004 in
1408 3914 1499 3981 libris

323 4021 517 4089 melioribus
541 4022 609 4089 v.9
634 4023 682 4088 sic
706 4023 838 4106 legitur:

551 4149 653 4194 auran
676 4127 784 4194 sacnrn'
807 4129 865 4211 qni
887 4128 990 4195 nescit
1012 4130 1144 4195 sonanda
1168 4127 1276 4212 rapis?

430 4327 454 4394 ¹)
474 4322 554 4390 Ellis,
575 4321 620 4378 ed.
634 4342 660 4395 p.
674 4322 807 4377 XXXIll
827 4341 876 4394 sq,
897 4323 967 4390 Brn,
985 4324 1090 4382 Philol.
1106 4323 1175 4378 1898
1195 4342 1220 4394 p.
1235 4323 1296 4388 004,
1311 4323 1436 4389 Cramer,
1457 4323 1500 4378 De

323 4411 434 4468 Manilii
454 4413 619 4468 elocutione
639 4414 854 4484 (Argentoruti)
875 4413 932 4486 p.5
952 4431 978 4465 n.
1000 4412 1024 4466 1.
1070 4413 1071 4416 ’

433 4505 455 4574 ²)
474 4503 517 4558 IV
536 4504 571 4558 20
590 4501 625 4555 ci.
646 4502 763 4556 Cramer·
782 4518 808 4573 p.
827 4503 869 4555 24.
987 4517 990 4524 ·

430 4595 452 4664 ³)
472 4593 611 4648 Dativum
643 4608 707 4647 esse
736 4591 799 4646 Birt
829 4594 868 4664 (p.
892 4589 957 4663 607)
988 4591 1210 4665 pronuntiavit,
1232 4607 1298 4646 cum
1330 4588 1501 4647 admoneret

324 4681 360 4740 de
379 4700 407 4742 v.
428 4683 486 4740 180.
