3558 5458
833 487 1032 570 ...g..

350 708 602 806 prolegomenis
632 715 832 799 invenimus,
862 734 948 804 quae
976 716 1077 784 vitam
1108 713 1266 784 exhibent
1288 712 1411 803 Vergili
1435 712 1525 785 lacu-

349 844 467 894 nosam
493 833 525 894 et
550 845 568 893 e
594 826 719 892 maiore
735 824 827 891 Servi
845 824 1069 911 descriptione
1086 831 1289 909 excerptam;
1315 825 1397 892 haec
1414 833 1524 892 autem

347 933 448 1000 verba
473 933 516 1000 ad
540 932 681 1000 Aetnam
707 934 889 1018 pertinent:
914 931 1047 1014 sempsit
1068 935 1125 1012 (se.
1152 931 1263 996 Maro)
1287 930 1383 997 etiarn
1406 938 1526 1014 septem

347 1039 415 1104 sive
439 1045 505 1105 aeto
530 1039 628 1105 libras
645 1040 717 1104 itas·
740 1037 836 1104 Caria
852 1038 992 1104 Aetnam
1011 1038 1153 1104 Culicem
1170 1037 1317 1120 Pmapea
1334 1038 1526 1121 Crutaleptan

347 1145 600 1228 Epiprammata
624 1144 746 1228 Copam
763 1144 877 1211 Diras.
911 1146 1027 1212 Elucet
1051 1145 1210 1211 iudicium
1236 1146 1403 1231 scriptoris
1429 1147 1525 1213 inter·

348 1252 469 1321 cidisse
493 1252 536 1320 de
554 1272 595 1321 eo
613 1253 708 1332 libro,
733 1254 789 1337 qui
807 1253 879 1318 eius
896 1253 1124 1336 suspicionem
1143 1253 1261 1330 movit;
1284 1252 1374 1318 aliud
1391 1272 1525 1319 carmen

349 1379 422 1428 esse
446 1378 516 1426 non
534 1361 686 1445 potuisse
711 1359 774 1425 nisi
799 1366 855 1426 aut
871 1357 1012 1425 Aetnam
1038 1366 1094 1424 aut
1111 1358 1241 1443 Copam
1267 1378 1373 1444 nuper
1388 1360 1525 1428 Norden

348 1467 547 1552 explanavit,
596 1466 653 1552 qui
693 1473 804 1533 tamen
852 1473 976 1532 certum
1024 1465 1184 1532 iudicium
1231 1466 1313 1532 terre
1354 1467 1525 1534 dubitavit.

348 1573 466 1658 Neque
491 1575 646 1658 quamvis
671 1573 806 1640 Servius
830 1573 872 1638 ad
896 1571 1056 1638 Aeneidis
1081 1572 1100 1638 l.
1118 1573 1153 1638 Ill
1170 1593 1200 1639 v.
1217 1573 1278 1639 571
1307 1574 1525 1658 asscripserit:

264 1681 266 1685 ’
348 1683 528 1746 secuudum
554 1680 694 1746 Aetnam
718 1679 861 1764 Ver-pilii,
887 1679 1016 1764 Copam
1043 1679 1311 1764 eisuspiciosam
1329 1680 1433 1747 visam
1453 1698 1527 1746 esse

349 1805 410 1872 pro
435 1795 523 1855 certo
549 1787 613 1853 dici
639 1793 758 1872 potest.
807 1785 1057 1870 cognoscimus
1082 1787 1181 1870 igitur
1204 1794 1288 1852 certe
1314 1784 1526 1865 Suetonium,

349 1894 488 1961 tortasse
513 1896 611 1961 etiam
630 1893 780 1961 Servium
799 1892 840 1958 de
858 1900 990 1959 auctore
1007 1891 1134 1958 lletnae
1152 1892 1366 1960 dubitavisse.
1399 1893 1528 1960 Praeter

350 2002 415 2068 hoc
439 2001 520 2068 nihil
545 2021 585 2067 ex
616 2002 668 2066 his
696 2000 897 2067 testimoniis
930 2000 1078 2083 sequitur
1112 2000 1175 2065 nisi
1209 1999 1302 2084 quod
1332 2000 1428 2066 facile
1452 2002 1528 2085 quis

351 2109 517 2175 censuerit
540 2109 717 2175 terminum
744 2108 835 2173 illum
861 2113 1054 2190 antequem
1081 2107 1137 2190 qui
1162 2115 1299 2174 vocatur
1323 2107 1526 2187 confirmari;

351 2233 428 2282 nam
465 2214 507 2282 de
530 2215 615 2282 libro
651 2214 753 2299 paulo
789 2221 865 2280 ante
890 2232 919 2279 a.
942 2213 994 2278 79.
1019 2213 1071 2280 vel
1096 2221 1173 2298 post
1197 2234 1225 2280 a.
1249 2215 1301 2280 79.
1331 2234 1363 2299 ρ.
1394 2214 1468 2281 Chr.
1495 2235 1526 2280 n.

350 2322 472 2407 scripto
489 2321 704 2400 Suetonium,
729 2323 786 2406 qui
800 2321 995 2387 Domitiano
1015 2321 1223 2405 imperitante
1241 2321 1440 2390 adulescens
1455 2322 1527 2399 fuit,

352 2430 509 2513 aequales
534 2428 636 2513 paulo
662 2427 857 2512 grandiores
882 2435 960 2494 natu
987 2427 1107 2495 docere
1132 2435 1322 2513 potuerunt.

456 2553 529 2620 Jam
544 2553 640 2618 liceat
650 2570 912 2619 commemorare
928 2552 1041 2646 medio
1059 2553 1362 2621 aevoVincentium
1377 2554 1527 2619 Bellova-

350 2679 486 2728 censcm
501 2659 628 2726 Aetnae
648 2680 699 2728 vv.
717 2660 893 2726 633-634
909 2661 1004 2744 quasi
1016 2659 1149 2739 Petroni
1161 2660 1295 2726 laudare
1308 2660 1347 2745 ¹);
1364 2679 1430 2744 qua
1448 2660 1481 2725 in
1495 2679 1527 2725 re

350 2767 1085 2854 cumliacobuslllagnussaeculoXVsecutus
1097 2766 1295 2851 est2).Unde
1306 2766 1435 2831 fluxerit
1446 2767 1528 2832 haec

351 2875 480 2959 opinio,
506 2874 586 2939 mihi
612 2873 747 2958 quidem
774 2875 927 2957 ignotum
952 2881 1017 2952 est;
1042 2873 1102 2939 sed
1126 2873 1287 2938 memoria
1310 2872 1429 2938 doctos
1454 2872 1528 2939 illos

351 2981 509 3048 homines
527 2979 687 3065 deceptos
704 2999 778 3046 esse
795 2981 994 3064 putaverim,
1012 2981 1114 3052 altero
1132 2979 1220 3046 enirn
1240 2979 1315 3045 loco
1332 2978 1528 3045 Vincentius

350 3085 478 3155 Aetnae
503 3095 671 3154 auctorem
698 3088 857 3153 incertum
884 3106 957 3153 esse
982 3087 1153 3172 professus
1178 3085 1219 3152 de
1242 3086 1368 3152 Lucilio
1393 3088 1528 3171 cogitat,

351 3213 451 3279 quem
484 3202 601 3280 postea
631 3193 856 3278 Wernsdort³)
885 3201 1054 3260 auctorem
1089 3193 1300 3277 significavit.
1352 3193 1416 3259 lllis
1446 3201 1528 3260 tem-

351 3302 491 3386 poribus
514 3301 572 3367 viri
598 3301 698 3378 docti,
727 3319 803 3366 cum
827 3300 923 3366 Maro
949 3301 1049 3365 huius
1072 3300 1227 3366 carminis
1252 3306 1366 3367 auctor
1389 3302 1438 3367 eis
1462 3300 1528 3366 dis-

353 3407 497 3492 pliceret,
527 3414 647 3492 poetae
677 3424 802 3472 nomen
833 3407 1032 3473 coniecturis
1061 3408 1194 3491 assequi
1219 3407 1432 3488 studuerunt;
1462 3427 1528 3492 qua

352 3515 385 3580 in
411 3534 444 3581 re
469 3515 565 3600 quasi
600 3514 719 3581 ducem
746 3514 849 3580 secuti
883 3521 961 3580 sunt
990 3513 1154 3581 Senecam
1186 3515 1440 3602 philosophum,
1472 3515 1528 3599 qui

352 3622 444 3688 hisce
469 3622 579 3689 verbis
603 3622 764 3688 Lucilium
791 3623 935 3688 amicum
961 3621 1091 3688 affatur:
1119 3620 1208 3701 Quid
1233 3623 1292 3687 tibi
1315 3626 1354 3688 do
1378 3623 1440 3708 (sic
1464 3621 1528 3686 Ru-

352 3728 501 3813 benius),
526 3750 568 3793 ue
584 3728 724 3793 Aetnam
742 3728 907 3793 describas
926 3728 962 3792 ia
980 3733 1034 3792 lata
1051 3729 1196 3794 carmine
1212 3735 1242 3794 et
1257 3729 1344 3794 Itane
1359 3731 1530 3794 soleinnem

352 3834 503 3900 omuibus
523 3835 630 3917 poetis
654 3837 758 3900 laeum
782 3834 950 3918 atiiapas?
978 3835 1079 3914 Quem
1103 3837 1278 3917 qruouu'nus
1303 3835 1442 3900 (leviatus
1465 3839 1529 3928 tra-

354 3945 466 4023 uiaret,
495 3942 582 4007 nibil
605 3942 736 4023 obstitit,
766 3944 852 4023 quod
879 3941 946 4006 iam
969 3942 1131 4025 Verpa'la'as
1155 3943 1358 4023 impleverat:
1390 3962 1430 4004 ae
1454 3940 1529 4004 Cor·-

352 4048 475 4113 aelt'uru
505 4049 635 4130 quidem
666 4049 819 4114 Seuerum
850 4053 986 4131 aterque
1018 4048 1178 4114 aera-rna
1206 4099 1212 4111 .
1244 4099 1251 4113 .
1279 4098 1284 4110 .
1316 4047 1387 4110 Aut
1415 4067 1469 4129 epo
1502 4052 1530 4111 te

352 4175 419 4220 noa
450 4156 526 4220 novi
559 4162 619 4221 aut
642 4155 749 4221 Aetna
784 4156 840 4221 tibi
872 4157 1011 4221 salivam
1047 4159 1150 4218 mouet
1184 4155 1250 4240 (ep.
1276 4154 1342 4240 79).
1396 4154 1530 4236 Quibus

352 4263 461 4330 verbis
485 4263 651 4331 adductus
675 4263 824 4348 Scaliger
849 4263 1022 4330 nonnullis
1046 4261 1166 4327 libellis
1190 4260 1276 4327 ltalis
1301 4278 1388 4344 quos
1409 4269 1531 4329 vocant

460 4513 482 4584 ¹)
502 4513 583 4586 Speo.
605 4514 676 4568 Mor.
697 4513 753 4567 XX
765 4514 807 4578 25,
829 4511 864 4565 cl.
885 4511 966 4582 Speo.
984 4509 1059 4563 illst.
1078 4509 1189 4565 Vnae.

461 4605 483 4674 ²)
502 4603 660 4675 Sopholog.
680 4604 720 4659 lV
734 4605 775 4658 ta.

459 4695 483 4766 ³)
502 4693 611 4750 Poetae
632 4694 728 4748 Latini
747 4693 876 4748 Minores
896 4697 917 4746 t.
937 4689 979 4746 IV
1000 4708 1026 4766 p.
1050 4691 1162 4748 1-214.
1183 4690 1356 4766 Altenburgi
1379 4691 1454 4746 1785.
