3558 5458
755 493 979 569 ..53-

272 711 423 799 Uterque
440 715 578 800 scriptor
594 714 737 781 nrioutos
753 715 932 781 semirutos
949 716 1124 796 adamavit,
1143 724 1279 802 uterque
1293 716 1453 802 permulta
1546 717 1549 722 '

275 822 401 902 omisit,
423 841 508 908 quae
526 825 626 892 nobis
642 823 876 892 subaudienda
892 831 980 903 sunt,
1005 831 1142 909 uterque
1160 824 1455 891 coniunctionibus

273 928 525 998 enuntiationes
545 932 773 1016 constringere
790 949 892 1016 saepe
908 932 1119 1018 contempsit.
1166 929 1237 998 Suo
1255 931 1323 997 iure
1340 928 1454 996 Hilde-

272 1035 451 1102 brandium
478 1037 643 1105 iudicasse
667 1045 750 1123 puto
775 1039 861 1105 hauc
885 1039 1017 1123 generis
1045 1037 1178 1104 dicendi
1203 1036 1453 1104 similitudinem

273 1142 374 1208 eliam
427 1150 578 1231 tempora
629 1145 749 1211 similia
801 1143 946 1212 indicare
996 1144 1099 1212 videri
1151 1152 1184 1212 et
1229 1164 1278 1225 ea,
1332 1145 1455 1230 quibus

275 1247 506 1329 Quintilianus
532 1252 574 1318 de
591 1251 793 1336 quibusdam
812 1252 1008 1338 aequalibus
1026 1252 1119 1318 dixit:
1144 1253 1252 1317 soluto
1267 1250 1336 1334 fere
1351 1250 1455 1317 oratio

274 1361 305 1420 el
330 1356 510 1441 ariopolis
537 1380 613 1424 nou
632 1359 781 1424 membris
808 1362 865 1425 sed
892 1359 1012 1443 frustis
1035 1359 1153 1425 collatu
1176 1362 1344 1424 structura
1368 1362 1457 1424 roret

274 1463 354 1548 (Vlll
377 1464 408 1544 5,
421 1465 488 1551 27).
536 1464 674 1551 Optime
699 1473 866 1551 praeterea
889 1487 919 1534 v.
938 1466 969 1533 d.
988 1467 1248 1534 commonefecit
1271 1467 1304 1532 in
1327 1464 1455 1532 Aetnae

274 1577 444 1638 auctorem
470 1572 561 1640 haud
584 1574 670 1640 male
695 1575 874 1641 convenire
891 1573 1040 1640 Senecae
1064 1573 1271 1659 philosophi,
1296 1571 1388 1658 quod
1413 1571 1455 1638 de

276 1676 391 1743 Lucilii
416 1679 609 1746 amicissimi
634 1680 878 1748 consuetudine
903 1680 1036 1748 dicendi
1054 1680 1126 1747 tulit
1143 1679 1317 1748 iudicium:
1336 1699 1455 1761 presso

274 1788 332 1847 sul
364 1784 474 1851 omnio
509 1790 540 1850 el
573 1785 621 1852 rei
648 1792 764 1868 aptato
792 1837 799 1851 .
831 1839 837 1852 .
868 1787 1018 1870 loquaris,
1054 1792 1215 1868 prorutum
1242 1785 1292 1852 via
1321 1791 1351 1850 ol
1373 1786 1455 1868 plus

273 1888 444 1973 sipnifioaa
466 1913 565 1974 quo-m
588 1893 728 1975 loqueris
752 1895 818 1981 (ep.
836 1895 903 1983 59).
1428 1895 1431 1905 ’

278 1985 281 1992 “
384 1997 495 2079 Quare
530 2008 672 2068 statuere
708 2003 782 2070 licet
815 2002 942 2070 Aetnae
966 2003 1110 2071 auctoris
1132 2003 1358 2071 elocutionem
1384 2020 1454 2068 non

277 2103 382 2171 modo
407 2123 476 2173 non
501 2108 645 2176 alienam
675 2127 749 2176 esse
774 2111 815 2176 ab
844 2115 1004 2195 argenteo
1028 2127 1113 2176 aevo
1141 2109 1202 2176 sed
1226 2108 1354 2195 optime
1378 2106 1455 2174 huic

276 2211 375 2278 aetati
400 2217 588 2283 convenire.
646 2273 649 2279 .
